3022 5062
256 440 341 507 1446
602 451 709 500 uere
732 450 932 500 vettonum
957 452 994 497 ru

257 598 300 648 dis
312 596 469 644 denotatum.
488 594 595 642 Torreat.
627 591 783 647 Arretium,
817 590 843 638 di
854 589 1070 650 ermenfridus
1077 586 1270 650 emptionibus,
1279 603 1335 652 qun

254 678 279 721 rt
293 668 406 731 mininis]
432 668 523 731 Ignavi
539 675 615 717 eruut
626 667 722 717 milites
734 668 782 715 sub
819 667 899 714 nostri
915 665 1010 714 milites
1029 665 1097 713 hosti
1113 662 1274 712 tradiderunt
1285 665 1338 711 siue

257 747 358 803 cuno,
369 745 412 808 qui
423 744 636 794 obtiviscereutur
646 744 748 801 unciiis,
755 741 782 791 id
817 740 898 790 cede.

255 827 303 883 est,
318 829 392 869 scuto
409 819 505 881 brevio,
516 833 622 868 numero
638 817 783 878 duodecim,
849 819 879 865 21
889 814 1005 878 Direpte]
1017 814 1068 863 Atii
1078 815 1193 875 Derepiu,
1202 811 1341 861 Iembiuus

255 895 282 944 itt
304 896 361 945 aede
383 894 479 944 Mortis
500 901 611 956 secrete,
634 907 667 942 ex
689 893 781 954 quibus
821 893 910 953 Erepto
928 891 978 954 legi
994 891 1074 939 meiit.
1107 889 1161 950 Ego
1183 890 1272 949 Areptc
1295 901 1342 949 pro

256 985 333 1019 uuum
355 969 389 1020 de
408 972 473 1019 corio
493 970 591 1032 ispsuiu
610 968 782 1019 credebatur:
819 967 933 1028 direpta,
955 973 984 1014 ut
997 963 1095 1013 ‘uiuit’
1112 978 1159 1026 pru
1175 961 1296 1022 ‘abfuit'
1315 971 1345 1011 et

257 1047 415 1096 neurdetnus
428 1055 469 1095 est
486 1060 533 1106 pro
549 1045 663 1104 orncuio,
674 1044 709 1093 ibi
726 1044 781 1093 fore
818 1041 919 1090 similis.
958 1040 1012 1088 Vidi
1029 1054 1072 1100 ego
1090 1036 1188 1098 cirum]
1206 1037 1345 1088 Quomodo

256 1120 408 1185 Imperium,
420 1121 462 1170 ubi
474 1119 565 1169 fuisset
577 1120 669 1169 suciie.
685 1120 781 1170 ‘Auci-
819 1116 922 1176 civium,
940 1115 961 1162 ci
981 1116 1034 1178 jnru
1056 1114 1162 1176 captivi,
1184 1126 1214 1161 sc
1233 1112 1344 1175 proinde

256 1195 307 1246 liu’
317 1197 358 1245 iric
370 1211 416 1258 pro
429 1196 524 1245 virtute
536 1203 678 1258 ponuntur,
688 1196 696 1223 ‘
705 1195 782 1258 togs'
818 1191 905 1254 cupite
926 1190 1044 1238 diminuti
1057 1191 1066 1238 i
1095 1190 1164 1236 Cicer
1183 1201 1245 1250 ergo
1256 1197 1343 1246 vocet.

260 1285 307 1335 pro
317 1272 451 1334 dignitate.
820 1267 864 1330 qui
881 1267 945 1314 teies
962 1272 1038 1314 erent
1053 1279 1111 1314 cum
1123 1273 1288 1326 cuperentur,
1303 1269 1343 1312 st·

289 1350 319 1397 11
336 1348 487 1409 AEterraepue
500 1346 588 1408 Vesta]
599 1345 783 1409 AEteruiignis,
819 1357 869 1407 que
887 1342 951 1391 odeo
970 1343 1038 1391 cives
1055 1355 1161 1390 munere
1178 1342 1342 1402 poterone-si

258 1422 300 1484 qui
312 1421 336 1468 iu
347 1423 784 1484 tempioVestaeevirginibuscus·
820 1417 925 1468 sortiter
948 1419 1113 1466 restitissent.
1155 1417 1250 1465 Eadem
1274 1417 1342 1464 ratio

258 1497 354 1547 ioditus
365 1512 492 1560 nunquam
504 1497 712 1560 extinguebstur.
820 1495 886 1557 ejus,
904 1495 971 1557 quod
990 1494 1116 1557 sequitur,
1135 1494 1258 1542 ‘Retortu
1270 1501 1343 1555 tergo

291 1576 320 1620 11
338 1573 452 1621 incolent·
467 1572 539 1635 door]
567 1573 784 1636 Suirocupitotio
819 1568 1033 1618 brachisiibero.'
1052 1569 1159 1616 Torreat.

257 1662 315 1710 quen
334 1648 409 1698 Jovis
425 1656 482 1697 erut
502 1648 587 1710 seder,
606 1649 680 1711 qussi
698 1650 784 1698 diuet:
852 1649 884 1692 ²2
902 1641 1274 1705 Reioriuitrgobrucbiult'bm]
1285 1642 1343 1690 Vidi

258 1722 319 1772 Non
330 1725 434 1772 deseris
446 1724 535 1772 urbee
552 1725 604 1771 suis
617 1723 689 1773 Diis:
707 1732 785 1785 turpe
821 1719 926 1769 brechia
944 1721 1018 1769 Rom.
1036 1722 1151 1769 retinete
1172 1726 1244 1782 tergo
1265 1733 1348 1783 quon·

259 1797 339 1859 igitur
359 1798 483 1848 militibus
502 1797 576 1846 Rutu.
595 1805 624 1846 ut
640 1798 688 1845 sub
710 1799 785 1847 erutis
822 1797 880 1845 dnrn
891 1797 980 1845 libero.

256 1871 392 1922 itustiiibus
403 1879 577 1922 senescerent.
853 1875 885 1920 2³
904 1871 1098 1934 Portunum]
1112 1871 1204 1919 Portas
1213 1869 1346 1933 Curtiisgi-

292 1949 321 1996 ts
339 1947 394 1995 Hoc
403 1947 508 2009 count]
536 1947 648 2009 Reguius
663 1947 712 1996 boc
727 1962 785 2011 pro·
822 1949 862 1996 nis
882 1958 995 2010 apertas,
1015 1951 1083 2010 quod
1106 1948 1190 2010 arguit
1213 1947 1347 2010 Curtistgi·

257 2019 367 2078 riderut‚
384 2036 416 2068 ne
434 2024 490 2084 quis
508 2036 553 2069 suu
570 2024 689 2082 exempto
712 2037 785 2084 spem
822 2025 936 2072 densium
956 2025 1129 2071 securitatem.
1161 2021 1197 2068 Et
1217 2022 1287 2082 urea]
1311 2024 1346 2069 Et

258 2094 320 2143 viiie
339 2095 364 2140 in
388 2094 545 2155 captivitate
566 2102 681 2154 poneret.
715 2095 786 2142 Men
822 2096 1137 2156 ridieosngroscoii‚qui
1157 2093 1345 2141 suerenteuo·

258 2169 360 2231 preside
388 2168 487 2228 Reguli]
519 2170 715 2228 ncommods,
737 2183 784 2229 pro
823 2167 1088 2215 biscuteadcreststi.

259 2244 314 2306 ipse
327 2241 452 2304 Regulus.
488 2242 529 2288 De
542 2241 634 2302 Reguli
647 2249 783 2294 sutem‚ue
852 2246 883 2290 2⁶
901 2242 968 2290 Auro
986 2241 1108 2304 repenset]
1135 2242 1240 2292 Scilicet
1262 2244 1345 2299 iniies,

258 2316 355 2381 coptiri
374 2331 431 2365 curu
453 2315 707 2377 Carthaginiensibus
725 2329 784 2378 per·
820 2332 882 2366 euro
899 2317 1057 2379 redemptus,
1076 2319 1108 2366 ud
1127 2333 1238 2382 pugnam
1254 2319 1347 2370 t'ortior

258 2390 783 2454 mutarentur,iusenstuseuteutis,prae·
822 2393 926 2442 redibit.
959 2391 1104 2443 irouiaest.

259 2477 301 2518 ter
312 2467 367 2517 Cic.
380 2469 423 2518 uu.
435 2481 454 2515 ι.
466 2474 493 2516 et
504 2480 548 2516 ιιι.
559 2466 591 2514 de
608 2465 718 2529 Officiis,
727 2468 781 2530 pui-
853 2472 886 2517 td
904 2467 1012 2528 Flagitio
1025 2469 1116 2516 additis
1134 2469 1264 2530 Domuum]
1282 2470 1344 2518 Loci

259 2557 302 2594 cre
314 2543 414 2593 Gellius
427 2557 464 2592 vr.
474 2550 498 2590 4.
519 2541 625 2591 Termi.
822 2545 896 2608 hujus
906 2545 1036 2592 sententie
1047 2553 1096 2604 est,
1109 2545 1254 2606 ignominie
1266 2546 1345 2608 turpi,

294 2623 325 2669 tt
347 2618 536 2680 Corditionibus]
553 2616 576 2665 Α
598 2617 786 2667 conditionibus
820 2619 930 2668 militurn
947 2617 1078 2667 deditione
1092 2620 1164 2681 Reip.
1184 2620 1286 2680 inustae,
1297 2621 1348 2667 eti-

258 2695 342 2745 soedis.
378 2697 466 2746 Noluit
487 2696 554 2742 enim
572 2695 686 2755 Regulus
703 2696 785 2756 cepti·
823 2710 863 2744 nm
886 2695 1004 2742 damnum
1025 2692 1095 2755 eddi,
1116 2695 1137 2741 si
1157 2707 1217 2741 nuru
1241 2694 1345 2756 pubiicu

259 2783 304 2817 vos
316 2769 437 2817 Afrorum
449 2782 494 2826 pro
506 2782 533 2813 se
546 2767 628 2814 reddi.
662 2769 785 2828 [Schoen
823 2770 919 2831 captivi
948 2768 1115 2817 redimuntur.
1147 2769 1214 2817 Auro
1239 2784 1347 2831 repenses

261 2839 556 2898 boruzseditionioun]
822 2845 899 2901 dixit,
919 2844 986 2907 quod
1008 2854 1109 2893 ueteres
1132 2860 1182 2893 non
1205 2855 1347 2900 numerato,

293 2917 324 2960 15
343 2914 378 2960 Et
388 2911 503 2972 exempto]
521 2912 555 2959 Et
567 2911 741 2962 dissentientis
752 2915 785 2963 ub
822 2919 867 2965 sed
888 2933 1004 2981 appenso
1021 2933 1072 2966 ure
1095 2918 1272 2982 fungerentur.
1291 2921 1349 2970 ibr-

259 2986 388 3048 eseurpio,
400 2987 468 3050 quod
482 2987 596 3036 traheret
608 2988 747 3050 perniciem
758 2992 782 3038 in
821 2998 882 3042 rent.

151 3108 155 3114 ,
259 3071 391 3125 posterum
401 3070 512 3126 tenipus,
526 3063 574 3111 nisi
587 3064 668 3126 pubes
679 3067 784 3129 captive
853 3067 1346 3133 2⁷AdditisDcunum1Turpitudioem

260 3138 357 3200 periret
380 3138 578 3194 immiserabilis,
600 3140 626 3188 id
650 3148 701 3197 est,
729 3143 784 3192 sine
821 3143 1071 3201 domnocumuistis‚
1088 3144 1147 3193 duni
1165 3148 1258 3194 miiites
1276 3146 1348 3208 igne·

259 3216 443 3265 misericordie.
479 3219 783 3283 Numisiiexempicmi·
822 3233 941 3267 vosnrrro
961 3221 1094 3269 redimitis.
1128 3221 1232 3269 Amissus
1247 3219 1345 3280 colores]
1410 3228 1415 3240 ·

259 3294 319 3342 iites
341 3294 465 3356 deinceps
494 3295 608 3357 ignavior
629 3305 783 3357 pugnarent.
822 3294 1079 3344 Hinc‘decoiorsre'
1096 3311 1152 3344 cum
1165 3295 1346 3343 nstivurcoior

262 3369 375 3430 Exemplo
387 3369 514 3430 trahentis]
527 3370 572 3418 Sic
584 3371 655 3431 prior
670 3372 784 3420 Lunibiui
823 3371 960 3418 emittitur.
992 3372 1065 3435 Virg.
1087 3373 1182 3434 Georg.
1200 3370 1230 3420 ιἰ.
1255 3369 1345 3419 ‘Albe

259 3446 339 3494 editio
357 3446 443 3506 hebet,
455 3455 483 3493 ut
501 3453 528 3494 et
542 3446 599 3493 iibri
612 3446 675 3495 Mss.
688 3462 785 3498 omnes.
821 3460 870 3494 uec
891 3447 996 3509 Assyrio
1021 3447 1122 3497 t'ucutur
1145 3449 1203 3496 isne
1226 3447 1344 3497 veneno!

259 3521 362 3571 Primus
379 3522 450 3571 onii.
473 3523 600 3571 Centerus
623 3523 690 3572 Nor.
712 3525 785 3574 Lect.
823 3522 931 3569 Terreni·

238 3614 241 3619 ·
261 3596 358 3645 iuuit.
379 3596 483 3645 trubeuti
499 3596 635 3660 legendum
655 3613 711 3648 etse
724 3614 783 3648 cen·
853 3601 885 3644 28
902 3596 1066 3659 Luucnfert]
1084 3597 1200 3646 Candido
1220 3598 1278 3647 isne
1297 3599 1346 3648 niio

260 3673 320 3722 suit.
348 3672 404 3735 Ego
412 3686 471 3719 reto
481 3673 542 3720 nihii
555 3675 669 3723 immuto.
687 3675 784 3724 Eodem
822 3672 908 3719 colore
919 3675 1001 3720 tinctu
1018 3685 1066 3719 uon
1085 3673 1190 3721 resumit
1207 3673 1346 3724 cendorem

259 3747 326 3796 euim
340 3762 416 3796 sensu
433 3748 513 3797 dictio
524 3750 640 3799 trudentis
654 3751 685 3798 ed
699 3751 784 3813 Regu·
821 3748 959 3809 genuinum
982 3747 1111 3794 emissum.
1146 3748 1220 3814 Fuco]
1245 3751 1346 3800 Colore.

258 3821 309 3871 luni
334 3821 424 3870 referri
446 3826 560 3886 poterit;
588 3825 784 3875 dissentientem
821 3818 931 3868 ‘Fucus'
941 3820 1018 3868 berbu
1028 3829 1068 3868 est
1085 3837 1134 3885 qus
1148 3824 1347 3888 tingunturres·

259 3898 292 3946 de
310 3898 471 3960 captivorum
486 3904 687 3963 permutatione,
698 3917 747 3951 nun
758 3903 783 3951 in
821 3900 870 3942 ¹0¹·
904 3893 980 3954 ludes
991 3895 1102 3944 ‘fucum
1115 3895 1220 3947 imre-³

259 3987 373 4035 presens
392 3974 477 4033 modo,
498 3977 543 4024 ced
573 3985 680 4039 propter
698 3993 784 4027 exem.
853 3972 884 4018 10
903 3971 977 4017 cerat
995 3972 1086 4034 reponi]
1104 3973 1175 4022 Vero
1196 3976 1277 4023 virtus
1294 3987 1344 4021 non

258 4050 328 4111 ptum
340 4065 408 4111 sepo
418 4051 480 4098 attat
493 4053 617 4100 noctium,
636 4052 744 4103 Tomi,
820 4045 888 4093 solet
900 4046 1012 4108 restitui,
1025 4054 1069 4095 uut
1081 4050 1195 4111 repersri
1208 4050 1239 4097 sb
1252 4050 1290 4103 iis,
1300 4049 1344 4110 qui

293 4127 323 4171 18
336 4125 414 4183 Signo
424 4125 478 4187 ego]
487 4127 551 4175 Haec
563 4134 603 4174 eet
615 4127 708 4189 Reguli
717 4128 783 4176 οη.
821 4123 938 4183 corrupti
952 4125 1007 4186 jam
1020 4138 1050 4171 ec
1061 4123 1195 4187 deprureti
1210 4133 1279 4171 sunt.
1295 4123 1345 4170 De·

259 4197 307 4257 tio,
318 4195 344 4242 in
362 4197 459 4246 Senatu
477 4202 550 4249 Rom.
568 4201 662 4249 habits.
695 4202 784 4250 Genus
820 4194 955 4256 leuioribus]
973 4197 1061 4246 Virtus
1071 4200 1137 4249 enirn
1147 4211 1249 4260 semper
1260 4198 1344 4246 iucre-

261 4280 300 4324 est
312 4270 519 4323 deliberativum.
553 4275 664 4338 Punicis]
680 4278 783 4340 Egovt.
821 4278 933 4322 ruentum
942 4269 1346 4337 mutueccoutigiunisieuimo
