3022 5062
409 442 565 499 nonam:
591 443 799 491 SERllONUM
824 444 896 492 nse.
919 445 945 491 r.
966 429 997 492 6.
1154 431 1246 507 lost,

152 580 495 643 restitutum,otTribnnnm
505 582 676 632 militnmfac·
714 583 824 644 desuper
845 584 913 645 inus,
930 598 980 632 nen
997 597 1054 647 qna:
1076 584 1167 634 sideris
1187 585 1239 636 for·

151 664 225 704 tum:
243 670 292 704 non
315 663 395 716 recte,
416 657 441 703 ni
463 656 556 707 fallor:
574 659 675 705 mallem
712 670 790 716 mam,
810 657 856 706 scd
877 665 966 708 notam.
980 661 1122 710 centenarii
1139 663 1238 711 numeri

150 732 218 779 enim
237 731 365 781 Tiibsnsns
382 732 458 794 plebis
472 732 588 779 dixisset.
606 732 675 779 Torr.
713 730 879 794 significaret,
889 734 957 797 quod
966 735 1038 784 initio
1047 736 1148 797 patricii
1158 738 1239 788 Sens-

152 807 259 862 ants'bs'
272 808 347 869 Tisiii]
363 808 422 857 Quo
435 807 481 854 tibi
494 804 607 868 profuit?
624 807 675 861 stn
713 812 782 855 tores
804 815 906 857 centnm
928 807 1032 860 fuerint.
1057 810 1162 862 Torreat.
1194 815 1238 863 De

149 881 195 929 tibi
207 879 519 941 Tisllr'Ssrrrmdepnsr'trsn
533 881 676 943 ciaesmfie·
712 883 806 931 calceis
833 884 971 934 Romanor.
993 899 1024 933 ac
1048 888 1156 948 mulleis,
1178 888 1237 939 vide

148 956 215 1016 ripae
237 955 377 1017 Tribunsss]
399 954 451 1003 Hic
478 955 545 1002 enim
572 954 674 1003 Tullius
711 955 1052 1019 inAppandiceAddenda.
1085 959 1181 1021 [Codd.
1193 978 1238 1027 ap.

149 1029 246 1078 Senatu
258 1037 352 1089 motus,
360 1036 436 1092 etque
447 1030 482 1077 its
491 1029 609 1091 deposito
620 1030 674 1078 lsto
711 1030 799 1093 licam.
810 1032 944 1094 impediet]

149 1105 222 1152 clavo
240 1105 266 1152 iu
282 1105 394 1166 equestri
412 1103 501 1151 ordine
521 1104 672 1165 consistens,
741 1109 774 1153 28
791 1107 898 1155 Pellibus
908 1112 931 1157 et
945 1108 1030 1170 htsrn]
1046 1109 1146 1159 Calceis
1163 1125 1237 1161 sens·

148 1188 175 1229 nt
184 1193 268 1228 rursus
277 1180 438 1228 Senatorium
448 1179 562 1229 ordinem
571 1180 673 1241 sceipe·
711 1177 784 1227 toriis
796 1194 877 1242 nsque
889 1181 921 1229 ad
934 1183 1045 1232 medium
1057 1183 1115 1233 erus
1127 1185 1237 1236 snbduc·

148 1265 199 1313 ret,
208 1252 307 1302 militie
321 1267 349 1301 se
366 1253 486 1313 dederat,
498 1260 575 1315 atque
591 1253 626 1300 ita
639 1251 671 1301 ad
710 1253 752 1301 tis.
785 1255 819 1302 lit
830 1255 906 1321 lotum
916 1257 1009 1304 demisit
1026 1264 1119 1320 pectore
1132 1261 1237 1324 cieuses]

146 1326 314 1375 Tribunatum
337 1327 491 1389 perveniens
518 1327 597 1374 latum
620 1326 671 1374 cla·
709 1328 847 1378 Senatores
859 1331 926 1379 enim
939 1339 966 1380 et
977 1333 1066 1396 reliqui
1076 1347 1173 1393 omues,
1182 1336 1237 1398 qni·

147 1417 205 1465 sum
222 1403 314 1452 iterum
332 1409 490 1466 sumpserat:
514 1403 580 1450 male
604 1402 670 1450 euim
709 1401 757 1450 bus
769 1403 813 1451 lati
825 1403 892 1452 clari
903 1405 947 1466 jus
959 1415 1024 1467 erat,
1034 1421 1086 1455 non
1096 1409 1235 1472 cingeban-

146 1479 295 1529 Torrentins
313 1480 356 1543 qni
365 1478 503 1527 Tribunum
519 1477 602 1540 piebis
613 1492 670 1526 eum
709 1484 760 1537 tur,
778 1478 823 1526 sed
843 1479 996 1528 laticlaviam
1013 1483 1125 1530 tunicam
1138 1490 1235 1534 rectam

145 1552 344 1603 facturncredit.
372 1553 670 1602 VetnsCommentator:
708 1560 814 1614 pectore
837 1552 1012 1614 dimittebant,
1028 1555 1146 1605 cinctura
1162 1558 1236 1608 mini·

145 1629 261 1677 ‘Tullios
275 1630 315 1678 bic
332 1629 522 1678 Senatnmotns
534 1636 575 1676 est
587 1642 602 1675 a
613 1627 671 1676 ee·
706 1639 747 1675 me
760 1627 859 1676 stricta.
892 1628 989 1678 Tunica
1000 1639 1066 1689 erat,
1081 1631 1123 1679 cni
1134 1633 1235 1682 consati

146 1719 203 1754 sare
214 1707 285 1768 qnasi
303 1705 492 1766 Pompeianus:
510 1704 596 1752 occiso
611 1716 671 1751 vero
707 1707 781 1748 erant
797 1700 871 1748 multi
882 1702 985 1751 latiores
995 1703 1070 1753 clari.
1102 1704 1172 1768 Ergo
1183 1707 1235 1756 cla·

147 1780 249 1829 Caesare
261 1778 360 1841 recepit
369 1780 447 1826 istum
459 1778 550 1826 itemm
561 1777 671 1835 clarum,
708 1775 733 1822 vl
744 1782 795 1823 tem
807 1776 878 1824 aurei
889 1791 964 1839 qnam
982 1779 1111 1840 purpurei,
1123 1781 1234 1842 particn.

146 1853 196 1902 boc
206 1861 256 1914 est,
268 1853 428 1902 Senatorium
444 1852 670 1914 dignitatem,Tri‚·
708 1847 740 1917 lae
750 1856 826 1898 erant
844 1864 877 1898 ex
896 1863 958 1899 auro
974 1851 1014 1899 sel
1033 1866 1155 1917 purpura,
1166 1868 1234 1904 nnnc

147 1925 509 1985 bunnsmilitnmsactnsest!
525 1926 653 1975 Rubenius.
707 1923 825 1983 rotundae
847 1938 915 1974 nunc
934 1926 1076 1989 quadratas,
1100 1942 1158 1992 quac
1180 1936 1235 1979 tan·

178 2008 209 2052 25
226 2003 323 2052 Sumere
334 2003 461 2065 depositum
476 2001 578 2063 ciceron]
596 2000 679 2071 Recig
708 2000 1234 2066 qnamemblemataqusedamrestibnsin·

145 2092 207 2140 pere
224 2078 376 2127 senatoriam
395 2085 503 2139 restem,
516 2076 543 2125 id
554 2082 604 2139 est,
615 2076 670 2140 dig·
706 2075 858 2125 serebantur
877 2084 955 2140 atque
976 2078 1153 2136 insuebantur,
1175 2094 1233 2145 qne

144 2152 253 2203 nitatem
279 2153 326 2202 tibi
352 2153 495 2213 scaesare
517 2152 671 2214 ademptam.
707 2151 892 2200 etiamsveste
902 2159 1022 2214 poterant
1030 2155 1143 2216 separari
1155 2163 1183 2204 et
1194 2156 1233 2204 in·

147 2228 286 2293 Tribunum]
311 2229 433 2278 Militum.
465 2228 505 2277 De
532 2229 670 2278 ‘Tribunis
706 2225 739 2274 de
756 2226 844 2290 eximi,
859 2227 925 2276 utin
944 2229 1021 2278 aliem
1036 2236 1131 2280 restem
1150 2238 1232 2280 trsns·

144 2302 299 2367 latielssiis,'
321 2304 379 2354 ride
398 2305 424 2354 in
446 2304 599 2368 Appendice
616 2304 669 2357 Ad·
705 2299 845 2364 t'crrentur,
861 2303 935 2351 etde
952 2317 1019 2352 noro
1037 2314 1232 2357 consuerentur.

145 2376 236 2427 denda.
706 2376 838 2441 Qualitste
857 2390 919 2437 ergo
936 2379 1002 2427 clari
1018 2380 1233 2431 discernebantur

175 2456 208 2502 ee
224 2454 338 2518 Peene]
354 2454 669 2519 Nullamdignitstsmhs·
706 2450 805 2512 equites
823 2465 840 2498 s
855 2452 1026 2500 senatoribus.
1041 2454 1141 2505 Sem.
1176 2456 1236 2515 cnr-¹

142 2528 222 2579 beuti,
704 2528 769 2590 rsss]
788 2528 912 2576 Tunicam
925 2529 970 2577 lsti
981 2530 1057 2592 clari,
1067 2534 1109 2581 cui
1119 2532 1166 2580 lati
1178 2533 1232 2581 cle·

175 2609 205 2653 27
226 2605 260 2653 Ut
271 2606 378 2668 quisqu]
394 2602 487 2652 Statim
499 2611 536 2652 nt.
569 2603 670 2650 Insanus
707 2603 732 2650 ri
748 2610 823 2651 eraut
843 2603 940 2650 essuti:
967 2605 1033 2665 quod
1055 2612 1112 2653 erat
1133 2607 1235 2669 insigne

141 2677 230 2740 niet-it]
247 2676 670 2739 ldeoiusanns,qrsisignobiliset
707 2678 831 2739 mnjmnm
850 2678 1052 2738 magistratuum.
1085 2679 1172 2727 Mass
1191 2684 1231 2730 de·

141 2753 266 2801 obscurus
277 2753 352 2800 bomo
361 2751 471 2812 insignia
481 2750 610 2798 senatoris
621 2749 671 2797 sibi
706 2751 769 2796 ssisit
780 2754 874 2810 pectore
883 2749 985 2811 classes]
1002 2749 1060 2798 Hoc
1072 2758 1121 2812 est,
1135 2749 1232 2804 fluente

142 2832 235 2874 sumat.
269 2826 357 2884 Nigris
374 2825 476 2872 medians
492 2822 600 2882 inpediit
615 2836 671 2887 cras
706 2823 804 2871 tonica:
822 2823 1159 2877 etnnllasonacoustricts.
1179 2829 1234 2891 Ubi¹

141 2898 260 2960 Pellibss]
269 2897 430 2947 Differebant
441 2897 507 2946 enim
516 2897 667 2946 Senatorum
705 2897 820 2945 videmus
831 2897 954 2947 Senatum
965 2897 999 2947 ab
1009 2903 1124 2963 equestri
1140 2903 1230 2955 ordine

141 2973 230 3035 eslcei,
242 2973 279 3022 uti
293 2982 321 3022 et
336 2972 503 3036 patriciorum
518 2971 639 3032 omnium,
651 2986 666 3022 a
703 2972 853 3022 distinctum
859 2971 939 3023 fnisse
948 2986 995 3036 per
1003 2976 1119 3039 tunicas:
1132 2979 1230 3042 Eques-

140 3048 224 3113 plebe.
258 3048 364 3099 Festus:
383 3048 512 3097 ‘Molleos
524 3062 604 3112 genus
613 3052 665 3097 cal·
704 3055 769 3098 trem
778 3062 840 3099 sero
850 3049 966 3098 ordinem
978 3065 993 3097 s
1004 3051 1080 3114 plebe
1092 3067 1139 3116 per
1149 3069 1230 3105 anuu-

137 3137 240 3173 ceoruns
251 3122 665 3186 siuntesse,qulbnsregesAlba·
702 3123 750 3171 los.
783 3122 852 3172 Hinc
862 3124 927 3172 bene
940 3122 1086 3188 Hesychius
1096 3137 1229 3193 πριλονρ.

138 3214 229 3249 nomm
256 3200 341 3262 primi,
368 3199 464 3248 deinde
487 3199 597 3261 patricii,
625 3201 664 3250 nsi
700 3201 760 3261 γεῖς.
792 3199 946 3250 Senatorum
963 3206 1047 3248 antem
1067 3203 1167 3252 tunicas
1178 3220 1228 3255 uuo

137 3274 212 3324 sunt!
224 3312 228 3318 .
244 3276 284 3324 Ex
292 3274 437 3324 alutaenim
448 3275 549 3325 tenuius
560 3289 591 3322 ac
601 3277 664 3326 mol·
701 3280 800 3323 tantum
821 3275 895 3323 cisso
913 3280 1017 3322 ornstss
1035 3273 1124 3332 fuisse,
1134 3268 1179 3327 sed
1190 3281 1228 3329 la-

138 3348 399 3406 linscorlnm,muilei
409 3348 622 3411 conficiebantur:
633 3357 663 3400 ut
701 3348 768 3402 lieri.
784 3348 827 3412 qui
844 3348 870 3396 in
887 3347 971 3396 medio
987 3349 1082 3399 :unice
1101 3365 1149 3414 per
1167 3344 1230 3416 pec.

137 3436 246 3486 perones
263 3439 296 3472 ex
323 3423 442 3473 cmdiore
463 3437 495 3473 ac
520 3425 661 3475 crassiore:
701 3431 742 3473 tus
772 3423 954 3485 descendebat,
982 3424 1139 3487 persuadent
1164 3427 1228 3478 milri

139 3515 200 3563 quos
212 3500 270 3552 ideo
281 3499 447 3564 duraverimus
453 3506 524 3551 recte
534 3502 662 3564 appelles,
699 3512 787 3563 omnes
798 3500 948 3560 scriptores,
955 3499 1008 3562 qui,
1019 3513 1075 3549 cum
1085 3500 1118 3550 de
1130 3502 1226 3552 laticla-

136 3589 169 3624 cx
181 3576 263 3624 crudo
274 3574 346 3626 boris
357 3583 431 3638 tergo
442 3581 570 3623 consutos.
593 3575 662 3627 Mul·⁸
700 3575 741 3622 ria
766 3573 853 3622 tunica
880 3579 1000 3634 unctam,
1027 3574 1100 3621 nnius
1125 3583 1228 3639 tentum

134 3650 170 3699 lei
182 3651 261 3712 igitur
271 3649 435 3700 delicatiores
445 3657 530 3712 eraut,
541 3665 574 3698 ex
584 3650 662 3703 aluta.
699 3646 766 3703 clari
775 3653 820 3694 aut
830 3659 951 3708 purpure
960 3648 1115 3697 mentionem
1121 3646 1228 3700 factum.

139 3724 219 3773 biart.
241 3737 271 3773 ss.
287 3727 329 3773 ati.
353 3725 431 3773 ‘Non
446 3725 567 3774 besterna
586 3725 662 3775 sedet
699 3723 742 3788 its
761 3722 854 3771 Horat.
879 3722 933 3770 ‘Et
951 3720 1031 3770 latum
1045 3721 1149 3773 demisit
1164 3738 1225 3787 pec:

137 3799 227 3848 lunata
246 3798 341 3863 lingula
363 3799 461 3862 planta,
479 3799 594 3850 Coccina
610 3815 661 3850 non
700 3805 756 3865 tore
772 3795 890 3847 clarum?
922 3796 972 3846 Ubi
991 3797 1036 3860 qni
1053 3798 1225 3861 Laticlavinru

134 3875 224 3923 lassum
235 3873 319 3937 pingit
327 3873 396 3922 alnta
404 3872 515 3936 pedem?
542 3873 661 3927 Formam
699 3880 832 3938 exponunt
844 3874 957 3923 tunicam
967 3874 1135 3939 laticlaviam,
1145 3890 1225 3943 ungas

135 3963 237 4015 quoqne
258 3948 384 3999 describit
409 3947 532 4006 Isidorus.
553 3958 663 4013 quatuos
699 3956 794 4017 egunt:
811 3963 858 3998 nec
871 3948 949 3998 etiem
960 3949 1014 3998 scio
1024 3963 1056 3997 an
1069 3950 1161 3999 latine
1171 3950 1224 4002 dici

134 4027 200 4076 euim
220 4023 385 4086 corrigiarum
403 4020 482 4072 fnisse
496 4024 542 4084 ait,
559 4023 660 4073 cotbsrr·
699 4024 780 4087 possit
795 4024 905 4073 tnnicsm
918 4029 1024 4086 pectore
1034 4023 1175 4076 dimittere.
1186 4027 1224 4091 its

134 4113 224 4151 uorum
242 4099 348 4159 similes,
368 4098 423 4146 solo
445 4091 508 4158 alto,
528 4100 661 4161 superiore
697 4097 849 4149 iuvenalis:
875 4098 963 4149 ‘Quid
985 4098 1088 4149 confert
1110 4114 1224 4164 purpura

137 4181 209 4234 parte
220 4190 278 4225 eon:
296 4174 375 4223 osseis
387 4174 428 4222 vel
439 4174 514 4222 cereis
525 4174 659 4234 malleolis,
698 4173 778 4235 major
796 4172 966 4234 optandum!
997 4176 1047 4225 Ubi
1069 4176 1223 4226 Scholiastes

134 4247 167 4295 ad
190 4262 253 4312 quos
279 4250 334 4298 lors
353 4247 551 4312 deligabantur:
575 4254 660 4299 assota
697 4247 866 4299 Laticlasinm
887 4249 1010 4311 explicat.
1051 4249 1178 4299 Lucienus
1194 4249 1222 4302 iu
