3022 5062
389 477 545 527 uouuru
571 479 783 528 ceuuouuu
809 479 880 529 stu.
903 482 942 529 u.
965 466 996 529 5.
1150 456 1236 537 1⁷81

146 612 227 682 ense]
243 617 295 669 Qui
315 622 437 678 testetur,
453 619 538 684 inquit
548 620 674 682 Ulpianus
713 619 803 682 quenti
815 633 871 676 usu,
889 635 940 685 uon
954 621 1036 671 minus
1047 636 1079 672 ac
1089 635 1173 673 meree
1185 622 1236 686 iqui

147 695 193 744 lib.
205 707 224 743 ι.
234 691 268 741 de
278 691 378 743 llered.
386 693 469 743 instit.
481 693 515 741 ab
523 692 627 742 heredis
638 693 676 741 iu·
712 700 821 743 excoctu
831 701 858 742 et
868 694 954 745 incudi
970 696 1083 759 reddite,
1093 695 1236 760 perficitur.

147 761 283 818 stitutione
305 768 456 831 plerumque
477 767 556 817 debet
574 767 675 815 initium
693 762 695 766 ’
712 768 823 818 Tumeb.
834 783 893 819 ιιι.
911 774 952 820 bd.
970 772 1077 820 Terreni.
1109 771 1236 835 Remetu]

146 843 235 892 faeere
252 843 413 892 testamenti:
429 852 531 907 utpute,
551 845 579 892 b.
594 843 675 892 'litim
710 843 788 909 depe
799 845 885 895 scriba
894 852 973 895 rotate
984 846 1085 907 grandis
1097 854 1124 895 et
1136 848 1160 895 iu
1171 850 1236 896 mni·

146 917 368 969 mibiberesestu.
396 920 491 968 Verum
503 925 562 968 ente
572 919 675 973 heredis
710 920 1003 983 tisnegutiirrersetus,
1021 935 1053 970 ex
1068 915 1235 985 quinqueviro

146 990 336 1042 institutionem
353 993 457 1042 inscribi
471 994 555 1043 snlere
567 1000 673 1043 testetu-
710 993 802 1044 iterum
815 996 840 1043 in
851 995 960 1045 ecribmu
972 994 1058 1044 rediit.

60 1084 62 1088 ⁷
146 1068 182 1116 ris
198 1080 288 1116 nomen
305 1066 399 1130 probet
415 1068 551 1118 Suetonius
567 1069 673 1119 Nerone
741 1074 774 1120 nd
790 1072 893 1120 Deledet
901 1071 1016 1133 hinniens]
1030 1069 1186 1119 Heredituti
1197 1070 1236 1119 iu·

145 1157 204 1204 esp.
219 1156 292 1192 xvu.
316 1143 601 1207 Beneigltur’l'lreeiea
612 1159 672 1207 cep-
708 1145 844 1196 eidlentem
865 1146 989 1209 decipiet,
1010 1151 1040 1195 ut
1059 1145 1149 1208 vulpes
1175 1144 1235 1195 clim

146 1225 254 1267 trtnrem
277 1232 394 1268 moneare
416 1220 520 1284 quidem
535 1219 614 1283 jubet
632 1220 671 1271 iu·
708 1218 795 1283 AEscpi
817 1234 932 1270 corvum.
970 1220 1043 1284 [Vnt.
1065 1221 1138 1270 Rom.
1161 1224 1185 1269 l.
1206 1225 1237 1274 et

145 1295 302 1357 epectiouem
325 1296 492 1357 testamentl3
509 1296 554 1346 sed
578 1296 670 1361 ruptim
708 1294 817 1347 Cbisieu.
837 1301 861 1345 1.
877 1295 980 1352 deladitr
996 1293 1064 1358 quod
1080 1303 1235 1359 receperunt

143 1367 246 1417 interim
261 1382 292 1417 ae
311 1369 376 1419 limie
391 1371 489 1431 eculin
505 1371 576 1420 aliud
594 1385 671 1434 egen·
707 1370 768 1434 Fer,
779 1370 873 1428 Botlre,
887 1378 914 1419 et
924 1369 1029 1432 desole]

143 1448 205 1505 tem,
228 1443 297 1493 eliud
332 1444 506 1511 simulantem,
532 1446 670 1496 observere
737 1448 770 1493 bt
787 1445 862 1494 Dabit
883 1444 957 1506 ruse]
980 1442 1113 1495 Praebebit
1131 1445 1232 1496 ridendi

143 1518 669 1585 quidmoxpustteotetorienomen,qund
706 1522 874 1571 nonnionem.

138 1606 248 1643 *summas
265 1594 361 1644 tebulm
378 1596 461 1659 primo
476 1609 552 1646 versu
565 1596 671 1646 inscribi
737 1599 770 1645 bii
787 1597 853 1645 Nune
862 1596 943 1658 suris]
959 1594 1134 1659 Ἔνθονσιάζιιε,
1143 1595 1233 1656 μόνην

142 1668 218 1730 solet,
234 1668 414 1734 subsequetur,
428 1672 531 1720 solusne
546 1671 622 1720 beree
636 1671 672 1722 sit
706 1668 788 1731 lipom
805 1669 907 1720 effletur
922 1672 1025 1720 numine
1034 1670 1157 1722 etforure
1167 1671 1232 1722 diti·

142 1756 176 1791 ex
190 1758 258 1804 ease,
268 1758 305 1792 eu
322 1745 385 1793 alios
400 1744 496 1795 bebeet
513 1745 669 1796 coheredes:
705 1757 740 1792 uo
751 1751 840 1807 ruptus
850 1744 908 1792 bec
924 1745 1042 1808 loqueris,
1058 1762 1090 1795 en
1106 1747 1233 1796 scienter

142 1818 186 1866 ille
205 1818 273 1867 enim
289 1817 355 1880 iere,
372 1819 414 1868 rei
428 1821 521 1882 prima,
534 1819 573 1869 rei
585 1819 671 1870 medis
705 1817 820 1881 prudens
841 1832 883 1867 me
904 1819 1035 1868 luditlees?
1060 1821 1132 1884 Gruq.
1166 1823 1232 1872 Neon

143 1906 205 1941 cera
219 1893 408 1955 scribebantur,
423 1899 452 1943 ut
467 1893 493 1942 iu
510 1894 562 1943 ime
577 1894 669 1944 eubeti-
698 1893 777 1956 suris]
802 1895 927 1959 Loquitur
944 1895 1060 1957 Ulyeees.
1094 1895 1167 1945 bodie
1183 1896 1231 1959 ere]

142 1967 262 2016 tntiouee.
295 1967 408 2024 Turneb.
431 1981 462 2017 ιι.
484 1972 523 2017 19.
552 1970 621 2031 Lege
642 1976 670 2019 et
704 1968 904 2019 Iuditicesme?

141 2039 210 2089 And.
221 2040 592 2107 dicistiPererg.Jurirrr.d.
611 2044 668 2094 lbr-
735 2049 768 2094 ⁶9
786 2045 954 2105 Olairtiodc,
965 2044 1124 2109 quidquid].0
1137 2047 1230 2110 Ulyese

142 2122 204 2166 reat.
702 2118 739 2169 iili
761 2120 871 2171 Ledrtis.
915 2121 1036 2184 Quidquid
1055 2121 1144 2185 dume]
1168 2122 1231 2180 Dino

172 2198 204 2242 ⁶⁵
223 2193 360 2257 Plerumque
379 2200 483 2244 recensu
503 2193 667 2260 Scribere]
701 2193 798 2244 lrebeut
809 2195 927 2245 meliores
939 2195 1050 2245 codices.
1082 2196 1159 2247 Quod
1170 2210 1230 2247 reru

139 2265 191 2316 Ubi
208 2281 255 2330 per
268 2272 394 2330 recoctum,
403 2269 520 2332 intelligo
536 2277 666 2321 veterato·
702 2272 827 2337 sequitur,
845 2278 888 2322 cut
904 2275 952 2322 erit
966 2278 1008 2321 eut
1024 2287 1079 2334 noa,
1091 2274 1165 2336 plene
1177 2287 1230 2322 am·

139 2355 193 2392 rem
202 2342 469 2407 insignemqutlongo
479 2358 524 2393 usu
535 2344 667 2407 didicerit,
703 2347 808 2411 bipuum
825 2355 881 2397 eet:
899 2349 985 2397 melium
1005 2353 1090 2396 temen
1101 2348 1139 2396 sic
1150 2361 1229 2410 expo·

140 2416 218 2480 ‘quid
237 2417 334 2468 distent
355 2433 408 2469 rere
425 2418 538 2482 lupinis!
571 2419 666 2484 lisque
703 2435 775 2482 nere,
785 2427 815 2470 ut
825 2421 879 2470 else
889 2422 935 2483 ait,
944 2421 998 2469 sire
1008 2427 1093 2482 neget,
1102 2421 1229 2471 neminem

140 2498 212 2540 recte
223 2492 341 2541 Donatus
358 2492 407 2542 boc
427 2492 460 2541 ad
477 2492 666 2544 roborationem
702 2508 821 2559 umquem
832 2492 914 2543 fallet.
947 2494 1015 2542 Nem
1027 2492 1228 2544 riderel'udtem

117 2569 210 2631 e-rtie,
227 2568 330 2632 inperio
357 2569 492 2631 quesitum
518 2569 665 2633 detorquet.
702 2581 754 2616 nou
765 2566 934 2616 crediderim:
952 2581 1010 2615 cum
1028 2567 1061 2614 ob
1070 2567 1176 2614 'l'ireeie
1186 2581 1230 2615 ve-

137 2644 226 2693 «leniae
236 2659 263 2694 v.
279 2649 304 2694 o.
333 2643 449 2692 Rrooctue
459 2643 542 2691 Scribo
556 2657 587 2691 ex
598 2643 665 2704 quie·
704 2640 737 2686 tie
753 2639 937 2701 prestantium,
953 2638 1026 2698 cujus
1042 2638 1174 2686 oraculum
1191 2645 1230 2688 tut

137 2720 244 2782 quadro]
261 2719 345 2767 Luem
356 2719 407 2766 iate
419 2714 667 2765 tirosdoctosexer-
703 2713 798 2761 secutis
816 2712 945 2764 meuserit,
962 2717 992 2758 ut
1006 2709 1158 2758 Plutercbue
1178 2717 1229 2760 tre·

75 2813 83 2831 s
139 2794 202 2842 cult.
236 2792 326 2840 Dicam
345 2789 461 2837 breviter
479 2787 547 2850 quod
566 2789 666 2837 renuo:
703 2781 789 2842 oidit3
813 2791 868 2833 turn
891 2780 925 2831 nb
948 2795 1049 2831 versum
1071 2791 1230 2850 sequentem,

139 2878 233 2927 uenrpe
253 2863 415 2926 quinqueuiros
433 2874 484 2909 uon
502 2868 600 2910 cenum
623 2861 667 2910 eli·
703 2857 821 2908 Divisere
846 2862 870 2905 st
891 2857 973 2914 mirer
996 2863 1026 2907 ut
1052 2855 1119 2905 enim
1146 2860 1228 2910 ceteri

139 2952 214 3004 quem
226 2935 306 2987 icisse
317 2937 512 3001 mgistratum,
530 2940 559 2984 nt
577 2935 665 2986 duum.
702 2937 775 2980 veter
793 2930 920 2994 Apollinis
936 2942 981 2978 cre
1000 2930 1070 2994 ioqui
1085 2930 1228 2984 credeban·

139 3015 187 3064 viri
207 3012 282 3062 tuere
303 3025 360 3061 cnm
386 3007 565 3059 decurionibus
586 3008 664 3059 iidem
702 3011 752 3061 tur,
773 3005 811 3055 sic
831 3005 927 3071 Apollo
947 3004 1029 3056 lovis.
1051 3005 1132 3057 rum.
1148 3021 1180 3060 ιι.
1201 3015 1227 3060 9.

136 3087 217 3138 t‘erme
232 3087 258 3137 iu
277 3085 434 3148 municipiis,
450 3083 517 3148 quod
538 3083 663 3134 Consules
703 3080 813 3130 Terreni.

136 3178 195 3215 enm
211 3160 495 3219 &serenissimorum
512 3158 556 3209 sed
573 3174 663 3209 munus
706 3189 708 3194 .
732 3159 765 3207 68
784 3156 893 3218 l'enrpore
910 3171 955 3219 qen
968 3157 1074 3220 jem]
1093 3165 1226 3223 xpempe.

136 3242 223 3306 potius
245 3248 290 3290 eut
305 3239 522 3303 procurationem,
538 3251 596 3304 qne
615 3252 663 3302 pro
700 3229 751 3294 istu
762 3232 863 3295 quondo
881 3231 937 3281 bec
955 3247 995 3281 rer
1006 3240 1075 3281 esset
1085 3243 1225 3286 euentura:

136 3325 254 3379 ternpore
270 3316 341 3365 certn'
359 3328 466 3364 numeru
484 3313 583 3363 civibus
595 3328 664 3364 eom.
700 3306 818 3355 nimirum
829 3319 861 3354 eo
874 3312 990 3368 tempore
1003 3321 1055 3371 quo
1072 3306 1228 3359 Pertbirin·

137 3389 298 3446 mitreum,
309 3389 362 3438 stne
374 3389 472 3444 noma,
484 3387 537 3437 0110
548 3387 573 3437 in
585 3389 664 3438 munt.
701 3388 777 3442 gusto
785 3379 922 3443 imperanti
931 3378 1071 3430 redderent
1078 3383 1151 3445 signe
1159 3383 1225 3433 mili·

138 3463 230 3527 cipiie:
255 3462 300 3527 qui
327 3463 349 3511 si
371 3463 457 3526 plnres
479 3465 664 3530 peuoioreeque
700 3457 776 3506 1⁸¹⁸·
793 3457 867 3519 ΟΜ·
898 3455 1009 3518 ΝΜ]
1028 3455 1167 3519 Albium·

137 3545 222 3602 erant,
233 3538 310 3588 eliter
321 3544 398 3601 etque
409 3538 486 3588 aliter
500 3538 663 3603 {ppellaben
732 3535 764 3582 ot
781 3531 851 3581 Furti
861 3528 944 3591 nubet]
959 3529 1051 3579 Diuiti.

138 3621 198 3663 tor:
215 3612 257 3660 bie
267 3624 329 3659 vero
340 3611 448 3662 sumitur
459 3625 506 3675 pro
517 3612 608 3676 queris
618 3612 663 3661 sd·
731 3611 763 3656 db
782 3605 911 3656 Menenia
929 3606 1026 3653 reddere
1047 3605 1148 3668 nuens]
1174 3607 1223 3655 Pu·

136 3683 445 3747 ministretionepublice.
461 3685 527 3734 Nem
536 3685 663 3734 connum
700 3680 793 3743 gieutis
813 3680 852 3728 vel
870 3679 979 3728 nolentie
997 3676 1105 3727 reddere
1123 3679 1225 3727 nniver-

137 3758 350 3823 exqulnqneviro
359 3758 469 3808 scribam
482 3773 539 3808 cum
550 3757 625 3821 iecit,
636 3765 664 3808 et
699 3754 891 3804 eumdebitum.
923 3753 1019 3803 Dotem
1035 3766 1093 3802 cnm
1107 3751 1160 3801 iilia
1174 3750 1226 3801 iur-

136 3832 239 3898 qnideur
258 3838 405 3893 recoctum
423 3832 551 3883 bominem
566 3832 663 3895 signifi·
699 3829 910 3892 tasselntelligit.
1127 3872 1130 3876 .

136 3915 179 3960 eat
196 3907 365 3958 exercitatum
381 3908 406 3957 in
421 3905 520 3969 officiis,
531 3907 662 3957 callidoru-
730 3908 763 3953 dd
781 3904 840 3954 liure
858 3902 942 3965 geum]
962 3902 1004 3952 An
1021 3915 1143 3964 generum
1161 3917 1224 3968 ergo

135 3997 185 4046 qne
204 3980 335 4043 effectum,
350 3981 393 4046 qui
406 3978 493 4030 scribe
508 3979 587 4028 etiem
603 3992 662 4029 curu
699 3978 823 4043 eaptubnt
841 3979 931 4029 soceri
965 3977 1077 4026 Omnino
1088 3979 1224 4029 verisimile

137 4063 213 4111 esset,
224 4056 311 4119 plnres
327 4053 437 4104 fortusse
454 4053 597 4118 provincias
608 4053 662 4103 nbi·
698 4062 747 4109 eet,
767 4055 887 4104 Nesicsrn
906 4054 982 4117 bunc,
1000 4053 1125 4103 bominem
1143 4054 1224 4105 sordi·

137 4129 187 4178 erit
202 4131 229 4179 lu
245 4131 368 4180 comitutu
387 4129 509 4193 mejornm
527 4128 661 4190 magistre·
699 4128 916 4192 dumetlmpense
926 4128 1223 4192 suerumfillamJuren·

139 4207 219 4262 tuum,
238 4209 268 4252 ut
293 4204 349 4253 lieri
365 4204 507 4255 consuerit.
539 4202 661 4253 Refertur
697 4205 822 4255 cniemae
835 4203 1091 4260 fururorum,Coreno
1102 4203 1157 4263 jesu
1168 4199 1223 4247 seul

136 4276 223 4341 itaque
234 4277 313 4329 etiem
327 4279 360 4329 ad
376 4279 513 4344 ingenium,
524 4277 594 4343 quod
608 4276 660 4328 irn-
697 4278 834 4342 contende
848 4277 1002 4328 hereditatis
1016 4288 1108 4328 cauare
1124 4273 1223 4324 clotte-
