3022 5062
253 471 336 538 1768
593 483 698 531 κοτε
724 484 919 532 vaurunusr
946 484 982 531 ru

253 629 344 676 riarum
356 623 498 680 commoda,
510 631 538 672 ut
550 637 581 672 ιι.
591 625 645 674 Set.
657 628 681 674 8.
694 623 774 673 ‘0m·
812 624 858 671 nris
870 636 967 677 cereus,
977 630 1005 670 nt
1017 635 1084 668 nnnc
1096 634 1194 683 quoque
1206 621 1229 668 in
1241 587 1332 669 bur-ba·

251 701 290 749 uis
311 700 379 749 euim
401 713 451 759 res,
471 699 570 754 Virtus,
591 696 670 760 farus,
687 698 776 760 decue,
812 699 848 746 ris
870 696 1019 762 quibusdam
1046 697 1189 745 ustionibus
1209 698 1333 746 usuvenit.

251 775 338 825 tliriuu
356 776 516 838 bumauaque
537 773 649 836 pulchris
670 772 775 823 Divitiis
812 773 981 837 Cappadoces
998 781 1152 834 autemnon
1168 774 1333 835 minusquam

252 850 363 914 parent!
389 849 487 899 Merito
497 846 689 912 igitur‘reginu
698 861 773 911 pecu·
811 851 903 899 ‘Sardi
915 850 1033 910 reurles,'
1049 848 1173 898 celebrari
1191 850 1266 898 etium
1280 863 1337 911 pro·

250 926 311 988 nia,'
327 941 385 991 que
402 925 487 974 omnia
505 932 643 989 temperat,
660 923 775 973 omuibus
813 925 900 973 verbio
920 925 1025 986 possint.
1051 924 1164 973 Turneb.
1180 937 1249 973 xxn.
1265 929 1290 972 8.
1309 933 1335 974 et

249 1002 368 1065 imperet.
388 1000 499 1050 Temni.
812 1011 891 1046 xxvi.
902 1003 940 1047 to.
950 1007 977 1046 et
989 1012 1055 1047 m.
1066 1004 1091 1048 7.
1110 1000 1234 1049 Tenent.-

284 1080 315 1125 17
332 1076 462 1139 Riguus]
476 1074 653 1124 Nobilitatem·
679 1071 774 1132 aegis·
841 1077 874 1120 tu
891 1073 976 1121 Fuerit
992 1074 1030 1121 liic
1049 1075 1088 1136 tu]
1108 1075 1175 1122 Nulo
1193 1089 1242 1136 ego
1260 1082 1289 1122 ut
1306 1082 1335 1123 tu

248 1150 360 1214 pemia]
381 1150 495 1200 Pecuula
515 1149 542 1197 lu
564 1146 640 1197 rebus
658 1146 773 1195 humanit
810 1146 844 1196 tit
856 1147 924 1205 tuiis,
937 1148 1019 1209 qualia
1031 1145 1081 1196 t‘uit
1094 1161 1139 1194 rex
1153 1149 1337 1211 Cappudocite,

250 1240 355 1290 reguum
365 1225 493 1274 obtinens.
810 1223 852 1285 qui
865 1237 915 1270 unu
932 1236 960 1271 re
972 1222 1104 1271 abundans
1114 1225 1218 1271 ceteris
1230 1225 1337 1287 egebat,

279 1303 312 1347 28
329 1297 439 1360 Suodele,
460 1296 592 1360 Votaque]
614 1298 694 1348 Suada
720 1296 773 1362 qui·
810 1298 856 1345 sed
874 1297 1064 1360 Philosophiam
1082 1311 1198 1360 sequere,
1211 1299 1253 1345 cui
1271 1301 1336 1347 nihil

248 1372 306 1424 ‹lsor
317 1374 371 1422 riae
382 1373 495 1433 Suadela,
510 1373 611 1423 Grecis
627 1377 703 1425 ueriti
718 1375 772 1424 dic·
810 1373 899 1422 deense
909 1381 1005 1436 potest,
1013 1380 1040 1421 et
1052 1373 1110 1421 tulis
1120 1372 1271 1434 esto,qualis
1283 1371 1334 1422 fuit

249 1456 284 1504 tu,
296 1462 348 1497 una
358 1463 416 1498 curu
427 1448 539 1509 Venere,
554 1455 582 1498 et
597 1449 672 1512 Jove,
683 1457 710 1500 et
724 1450 771 1501 ,1η-
811 1449 938 1498 Lucullus.
979 1449 1117 1510 chlamydes
1136 1447 1259 1510 Lucullus]
1280 1447 1333 1497 Hic

247 1536 323 1584 noue,
333 1531 361 1574 et
372 1523 465 1584 Diauu,
476 1523 544 1572 iuter
554 1524 684 1588 nuptiales
703 1526 771 1574 Deos
809 1525 852 1574 ille
873 1527 992 1575 Lucullus
1011 1526 1135 1575 ‘Xerxes
1154 1524 1269 1588 togntns’
1287 1540 1334 1586 ap-

249 1613 265 1646 a
286 1598 425 1650 Plutarcho
446 1600 472 1648 iu
493 1600 567 1649 Rom.
590 1601 772 1664 questionibus
810 1603 918 1665 peilatus
926 1603 959 1653 ob
968 1610 1119 1666 occupatum
1130 1600 1335 1663 edificiismare,

249 1682 429 1725 enumeretur:
452 1689 536 1740 neque
560 1690 649 1726 eurum
675 1678 773 1740 opinio-
810 1685 837 1726 et
853 1686 1002 1742 cuaequutos
1021 1687 1128 1726 orontes.
1162 1676 1239 1725 llunc
1257 1676 1335 1736 igitur

248 1764 307 1798 uem
320 1749 441 1800 damnare
456 1752 547 1811 ausim,
562 1751 605 1816 qul
617 1752 725 1804 Potum
735 1754 774 1803 ric
811 1753 894 1814 potius
912 1753 1082 1802 tumulandum
1110 1753 1230 1816 proponit
1252 1751 1334 1800 Hora-

249 1827 462 1890 interpretantur,
470 1828 774 1895 utiucouciliuudiauup-
811 1830 878 1878 tius:
897 1828 961 1878 adeo
973 1832 1133 1892 opulentum,
1150 1837 1178 1877 ιιι
1194 1835 1200 1855 ·
1215 1842 1271 1877 cunr
1283 1841 1335 1875 orn·

249 1901 457 1963 tiis,ubiuuurmi
469 1903 774 1970 adituqsnedetnmqnu·
811 1908 886 1956 nibus
905 1906 999 1956 modis'
1017 1906 1097 1971 (quod
1117 1904 1233 1954 Cutiliuae
1253 1903 1335 1950 verbio

248 1990 299 2037 que
313 1985 341 2028 et
357 1979 493 2041 Venerem,
507 1978 571 2027 (luas
583 1981 773 2041 potentissimae
810 1983 846 2031 ait
866 1981 1014 2043 Sallustius)
1041 1980 1197 2042 ‘pecudium
1220 1978 1336 2025 traheret

247 2050 309 2099 deus
337 2061 431 2116 presto
456 2067 512 2101 esse
538 2054 623 2112 dican
651 2054 771 2116 quonium
809 2063 976 2118 tereretque,
997 2069 1093 2101 sunimu
1116 2061 1200 2101 tamen
1223 2051 1332 2098 libidine

245 2131 308 2172 aute
320 2132 404 2172 tamen
415 2124 591 2186 speciatimde
602 2139 683 2174 uxore
695 2126 771 2187 dixit,
807 2126 908 2175 diritius
921 2142 978 2174 snas
989 2128 1091 2174 uincere
1103 2123 1239 2188 nequiret!
1266 2124 1332 2186 Ejus

246 2198 301 2246 hec
316 2197 350 2246 de
359 2197 468 2246 Suadela
479 2205 506 2246 et
516 2198 619 2246 Venere
635 2197 714 2246 verba
725 2211 769 2261 gs·
806 2201 883 2262 igitur
893 2199 1031 2249 affluendo
1042 2200 1187 2261 exemplum
1201 2199 1241 2245 bic
1251 2199 1333 2246 cerni·

246 2274 355 2322 neratim
376 2272 470 2335 exponi
486 2272 587 2321 mullrh:
606 2279 634 2320 ut
653 2272 769 2337 quisquis
805 2289 869 2323 mus.
905 2275 1023 2323 clamides
1043 2283 1128 2323 autem
1149 2283 1176 2322 et
1199 2276 1331 2324 Clumidum

245 2348 345 2397 scilicet
356 2355 499 2396 narmruutua
510 2353 559 2403 est,
571 2346 608 2395 itu
622 2361 769 2411 quemeum·
805 2350 901 2399 habent
910 2349 960 2399 cluo
971 2350 1137 2399 vetustissimi
1149 2349 1215 2398 iibri.
1235 2351 1305 2399 Torr.

246 2437 296 2488 qne
307 2437 360 2472 rem
377 2423 550 2485 aggredietur,
558 2423 627 2471 Deua
638 2423 715 2471 basce
725 2421 770 2471 ba·
836 2430 865 2474 tl
878 2426 998 2489 Proebere]
1011 2426 1180 2475 commodata
1192 2425 1263 2473 dure.
1282 2426 1333 2474 Ro·

247 2498 309 2548 bere
321 2499 453 2561 propitias,
468 2512 499 2546 ac
508 2496 616 2560 proinde
627 2511 655 2546 se
666 2496 769 2546 felicem
805 2500 886 2563 gatus]
904 2503 1016 2563 Rogatus
1029 2517 1043 2550 u
1056 2501 1174 2551 Praetore
1186 2501 1217 2550 ad
1231 2511 1333 2564 specta·

175 2612 177 2616 Α
247 2575 356 2624 credat:
373 2581 400 2623 nt
410 2574 469 2622 olim
480 2573 550 2622 Sulla
561 2587 593 2620 eo
608 2573 708 2620 nornine
719 2573 771 2620 Ve·
807 2578 890 2624 cuium
903 2576 1091 2625 celebrandum.

248 2664 337 2699 nerem
357 2650 486 2714 prucipue
506 2650 599 2707 coluit3
617 2654 644 2695 et
661 2657 689 2696 ut
701 2647 773 2696 Felix
839 2657 871 2701 th
890 2654 937 2707 Qui
946 2659 1040 2715 possunt
1054 2653 1100 2715 tot]
1117 2654 1176 2701 Nun
1195 2652 1273 2702 credo
1292 2668 1333 2701 me

249 2725 347 2786 llornae,
366 2726 401 2774 sic
421 2725 487 2772 iuter
505 2724 612 2773 Grecos
628 2720 773 2785 Ἀφροδίσιοι
810 2734 849 2776 tot
860 2728 964 2788 habere,
977 2729 1059 2790 iuquit
1071 2729 1201 2777 Lucullus.

249 2802 453 2860 appellaturum.
481 2799 549 2847 Vide
560 2799 673 2847 Turucb.
686 2801 774 2847 mill.
842 2807 873 2852 44
891 2803 1090 2864 Tolleretomrrea]
1106 2804 1232 2852 Sumeret.

248 2877 568 2922 manutenturos.
603 2874 714 2936 Suadela,
731 2874 774 2923 Ve·
843 2883 874 2926 45
893 2879 973 2926 Exilis
994 2880 1074 2926 dumus
1095 2880 1141 2940 est]
1175 2882 1273 2929 Domus
1296 2889 1334 2929 est

248 2943 346 3003 itusque]
365 2944 518 3002 Eloquentia
527 2955 555 2992 et
566 2946 694 2997 renuitas.
812 2954 903 3013 inanis,
913 2963 939 3001 et
952 2954 1022 3001 bonis
1039 2969 1087 3002 non
1102 2954 1206 3016 referte,
1220 2956 1271 3013 ubi,
1283 2961 1333 3006 dcc.

280 3019 312 3063 39
329 3014 457 3076 Μῦπτίρίὶι
475 3017 588 3080 imples]
616 3021 679 3068 E⁸l⁰
702 3035 772 3068 num·
811 3028 1334 3091 Multusupersurrt]llaecnimirnmintan-

249 3099 332 3141 inatus
349 3099 376 3141 et
397 3091 518 3152 locuples,
535 3106 584 3140 nou
603 3109 733 3143 servorum
746 3105 773 3145 ct
811 3110 837 3150 ta
849 3104 922 3164 copie
935 3105 1040 3153 diuitum
1054 3103 1132 3150 libido
1144 3111 1191 3157 est,
1208 3112 1234 3150 ut
1247 3105 1332 3152 miseri

248 3169 370 3217 clientum
382 3168 465 3230 modo,
476 3168 557 3231 qualir
568 3177 608 3218 est
619 3169 772 3235 Cappadox,
811 3177 859 3225 sibi
880 3179 1026 3235 rideantur,
1043 3178 1090 3225 uisi
1109 3179 1187 3225 multa
1208 3187 1329 3239 pereant3

249 3246 294 3294 sed
311 3246 428 3310 pecunie
440 3259 554 3309 quoquei
573 3260 623 3294 ¹¹⁰⁰
635 3247 702 3294 enlm
720 3262 772 3295 ter·
810 3253 835 3301 in
853 3256 908 3302 solo
928 3256 972 3302 illu
995 3254 1175 3317 exsuperantia
1195 3253 1331 3301 beatitudi-

248 3322 483 3372 vorrrnrmultitudo
494 3329 520 3370 te
532 3322 625 3372 ditabit
636 3338 772 3388 regemque
810 3343 868 3377 nem
879 3331 1042 3379 collocuntur.
1074 3329 1148 3380 Quod
1161 3344 1217 3376 cunr
1228 3343 1288 3377 uere
1300 3331 1333 3378 sit

248 3396 339 3453 faciet,
357 3412 414 3460 quse
433 3397 503 3447 oneri
523 3400 607 3460 potius
627 3406 676 3462 est,
696 3414 771 3462 quum
810 3403 891 3462 abuti,
922 3404 1028 3466 perinde
1055 3404 1206 3452 detestabile
1234 3412 1282 3458 est,
1302 3418 1334 3453 ac

248 3473 345 3532 bouori,
356 3472 400 3520 aad
421 3472 529 3536 pecunie
546 3482 573 3523 et
590 3475 676 3536 ampla
688 3489 771 3523 rerum
809 3493 910 3542 prorsus
929 3493 978 3527 norr
996 3480 1043 3533 uti,
1060 3494 1118 3527 nam
1135 3494 1183 3527 non
1202 3480 1283 3527 utenti
1297 3479 1334 3527 di·

249 3550 384 3612 possessio,
406 3551 506 3612 qualem
528 3551 618 3600 babuit
643 3555 772 3603 Lucullus.
810 3555 879 3604 vitius
897 3555 1000 3618 quidem
1020 3570 1104 3619 ueque
1123 3563 1229 3619 prosunt
1250 3569 1332 3617 neque

250 3624 321 3685 Cruq.
356 3626 516 3686 Cappadocum
531 3628 586 3689 reu]
612 3627 704 3691 Neque
723 3628 771 3676 lroc
809 3638 957 3680 ornamento
968 3631 1206 3680 auutznbutentem
1217 3630 1332 3678 veroeri·

247 3702 325 3751 etiam
337 3701 393 3748 loco
403 3701 463 3749 viris
471 3700 625 3750 doctissimis
636 3702 770 3764 assentior,
810 3720 849 3753 arn
862 3704 958 3753 laeduut
974 3713 1002 3753 et
1017 3707 1157 3768 ignominis
1169 3705 1292 3754 afficiunt.
1305 3715 1335 3754 ut

248 3777 291 3837 qui
313 3777 473 3840 Cappadocum
488 3790 566 3836 regem
584 3787 629 3836 pro
646 3788 770 3836 mangone
810 3782 933 3844 preclare
953 3782 1108 3830 Plutarchus
1128 3784 1171 3832 lib.
1193 3782 1244 3845 napi
1265 3789 1333 3831 dmo-

248 3853 617 3911 autveuulitiarioexponunt·
649 3848 770 3899 Meoltu·
809 3861 930 3922 ensurius,
951 3860 1074 3925 ιΑι(]ιιί,’
1097 3862 1189 3925 iuquit,
1210 3865 1275 3907 ‘non
1294 3862 1332 3907 iris

248 3926 406 3985 qiiejtttllclo
416 3927 616 3985 diritiaa,uvaro
630 3925 770 3985 blandlend,
809 3937 929 4000 equidem
947 3937 1103 3997 indigenum
1123 3936 1166 3984 qod
1181 3934 1272 3996 quibus
1292 3947 1332 3981 su.

246 3999 282 4048 uic
299 4001 401 4048 extollit
414 4001 553 4058 Hor-tius3
571 4007 600 4047 nt
615 4015 646 4048 ne
665 4016 770 4064 regnum
809 4011 968 4074 pefflqme
981 4012 1019 4060 his
1031 4013 1118 4061 mim
1132 4024 1162 4058 ις
1173 4007 1241 4054 besti
1253 4004 1332 4056 effici.

247 4071 350 4136 quidem
361 4075 533 4132 expetendum
543 4087 598 4122 erse
610 4074 728 4142 affirmet,
740 4081 770 4137 si,
809 4101 865 4135 mus
875 4089 891 4146 3'
908 4089 1014 4151 perinde
1025 4103 1054 4135 ac
1070 4086 1090 4133 si
1101 4083 1131 4130 ud
1144 4095 1262 4143 pompam
1276 4091 1333 4132 tau·

248 4158 276 4197 nt
296 4146 476 4209 Cappadocum
497 4160 541 4195 seu
559 4152 641 4211 reguli
658 4166 701 4202 seu
719 4157 770 4217 pri·
809 4171 864 4211 tum
888 4180 918 4214 ac
940 4161 1122 4225 spectaculum,
1144 4171 1194 4205 uon
1218 4158 1249 4205 ud
1271 4160 1332 4209 vitu·

248 4232 329 4274 metes
341 4221 432 4283 solunt,
445 4220 469 4268 iu
485 4234 572 4271 servus
583 4226 685 4288 quidem
698 4239 770 4291 quot·
809 4251 881 4287 nsum
892 4238 988 4288 divitie
997 4231 1149 4295 expeteudae
1163 4233 1222 4281 sint.
1242 4235 1311 4283 Torr.

247 4297 771 4366 quotveliaimperiumbabeas,sednrrm·
840 4317 873 4363 ab
889 4308 1048 4363 mimirum
1055 4305 1159 4369 saliunt]
1177 4308 1332 4373 lquorautur
