3022 5062
249 451 334 518 161⁰
586 463 697 513 uoru
719 460 921 511 vsurouuu
948 461 987 510 ru

249 606 329 657 bebst
338 603 487 669 particulam
501 605 538 666 is,
549 610 620 654 recte
639 605 742 669 quidem
759 619 774 652 a
811 603 859 651 teri
871 601 961 651 codice
972 601 1036 664 legit
1040 602 1132 666 flens,
1148 615 1198 650 uon
1208 600 1294 650 ridens
1307 602 1331 648 id

251 679 373 731 hunino
392 679 522 728 sdslitsm:
548 679 593 729 scd
612 694 667 729 esur
684 679 774 742 optimi
810 691 842 724 ex
860 678 1069 725 commentatoris
1089 677 1212 740 glossario
1230 677 1255 724 in
1274 689 1333 723 con·

250 753 353 803 codices
369 753 443 802 initio
460 756 570 804 extremi
590 756 708 804 versiculi
730 753 774 802 sd·
810 757 909 798 testum
919 752 1027 800 venisse.
1041 752 1148 800 Torserit.
1184 752 1220 798 Ni
1231 751 1335 798 tuisric·

247 828 372 893 jungunt,
387 830 414 877 is
424 829 528 879 Psluere
545 832 639 880 Teucro.
655 829 773 878 Torreut.
809 827 859 890 tus]
879 827 936 874 Nisi
948 826 1072 890 luppiter
1082 825 1164 875 flesus
1177 828 1229 874 tuis
1239 834 1266 873 et
1282 826 1334 886 plu·

253 903 488 967 Possitqrrccollsrs]
506 905 647 954 occubuit.
811 900 876 949 cidre
896 900 1004 949 Veneris
1025 901 1145 963 precibus
1165 899 1335 948 concessisset

284 981 316 1026 ta
333 979 446 1041 Paloerc]
462 978 587 1043 Apposits
596 978 735 1042 rox,equis
747 985 774 1026 et
811 977 896 1024 AEuee
908 976 1037 1023 laboribus
1049 990 1132 1023 muros
1144 977 1269 1024 liomsuos
1279 977 1335 1022 dsc-

253 1053 405 1103 militaribus
416 1055 486 1115 siris,
495 1062 573 1118 atque
584 1055 648 1103 adeo
658 1055 773 1103 omuibus
811 1053 857 1108 lu,
879 1049 904 1095 id
924 1057 976 1108 est,
1003 1049 1130 1097 duceudos
1152 1055 1178 1096 et
1196 1047 1335 1109 erigendos

203 1136 206 1141 ·
253 1129 395 1190 exercitiis,
406 1143 455 1177 uun
475 1130 590 1191 corporis
608 1137 718 1190 tsuturu,
729 1131 774 1178 sed
813 1125 912 1185 potiore
924 1125 997 1185 slite,
1014 1123 1105 1185 idest,
1122 1122 1269 1171 melioribus
1289 1137 1335 1170 su·

254 1203 575 1265 etmeuplroriesuuimii
591 1205 774 1268 namsiuepul·
812 1198 909 1260 ψὶῦίἱδ-

255 1290 316 1325 rere
337 1280 483 1339 contingere
504 1278 609 1340 dieitur,
628 1280 697 1343 quod
718 1281 774 1344 qui,
844 1275 875 1319 28
884 1268 1077 1334 Potiorcdectss]
1086 1270 1181 1320 Urbem
1189 1271 1254 1318 mim
1262 1284 1334 1318 suam

253 1349 331 1401 facile
348 1360 392 1400 snt
411 1354 480 1402 nulls
495 1368 576 1416 opera
591 1356 774 1418 consequitur:
812 1348 946 1397 credidere
959 1348 1064 1396 Romsni
1077 1348 1257 1408 sempiternam
1268 1344 1334 1392 fore.

252 1424 312 1475 binc
323 1424 409 1474 &orni
420 1427 476 1475 sine
487 1430 603 1491 pulvere,
613 1429 678 1477 citra
688 1429 775 1492 pulse·
813 1423 882 1473 Hinc
895 1426 985 1473 nous
996 1424 1123 1471 AErsuusr
1139 1428 1166 1469 et
1182 1421 1207 1467 iu
1227 1419 1335 1467 nummis

254 1499 290 1548 ris
301 1506 407 1550 tactum.
418 1504 490 1564 Crsq.
813 1506 840 1546 et
858 1498 884 1546 iu
904 1496 1069 1545 marmoribus
1087 1496 1195 1558 antiquis
1213 1493 1334 1554 scriptum

286 1577 318 1623 18
336 1574 381 1622 itte
398 1577 575 1640 misrlssus]
592 1577 708 1628 Achilles
725 1593 776 1627 uon
813 1572 949 1621 ceruimus.
981 1572 1018 1620 Ut
1030 1585 1091 1620 vero
1103 1567 1336 1619 Horatius‘alitis'

254 1646 362 1708 insidiis,
377 1656 422 1697 sut
437 1650 506 1711 dolo,
516 1651 562 1699 sed
579 1660 670 1715 sperto
689 1653 777 1702 Marte
814 1647 939 1697 vocabulo
956 1654 983 1695 et
994 1661 1040 1708 pro
1052 1647 1106 1694 svis
1119 1656 1146 1693 et
1159 1659 1205 1707 pro
1223 1641 1336 1705 suspicio

253 1722 355 1787 Trojsm
377 1733 559 1788 expugnasset,
580 1727 628 1776 uisi
648 1743 662 1776 s
685 1728 778 1777 Paride
814 1724 911 1783 utilnr3
928 1730 954 1770 et
966 1723 1054 1770 Greci
1066 1719 1158 1769 οἰωνοὺς
1170 1724 1262 1767 vocant
1281 1716 1337 1778 ipsa

254 1803 300 1846 tua
311 1812 399 1861 opera,
409 1808 437 1847 et
449 1801 566 1862 impulsu.
577 1804 646 1864 prius
661 1811 729 1851 esset
741 1805 779 1851 iu·
815 1800 892 1847 etiam
904 1797 1027 1860 auspicis.
1060 1797 1129 1846 Vide
1142 1809 1162 1843 1.
1175 1794 1227 1843 od.
1238 1797 1262 1840 6.
1280 1792 1337 1839 Tor·

255 1870 391 1922 terfectns.
424 1876 493 1937 Equo
510 1876 641 1938 Minerua]
659 1878 690 1926 lu
713 1892 779 1941 equo
815 1878 877 1921 mi·

253 1946 402 2013 ligueu,qui
414 1951 538 2001 Minerrsr
555 1968 628 2002 sscrs
638 1955 780 2006 meutiebs·
848 1951 879 1996 2⁵
898 1947 989 1995 Ductor
1006 1949 1110 2011 crgstoe]
1126 1947 1158 1994 lu
1174 1945 1255 1995 tribus
1270 1944 1339 1992 codi-

254 2027 347 2081 tur,et
362 2025 505 2075 simulsbst.
538 2027 605 2075 Nam
621 2028 780 2076 Greciideo
816 2021 889 2070 cibus
901 2024 1023 2084 scriptum
1037 2024 1147 2085 repperi,
1163 2024 1256 2069 Ductor
1265 2021 1339 2079 Argi-

255 2109 348 2158 equum
361 2095 514 2145 fabricatum
527 2098 667 2160 fingebant,
680 2110 708 2150 ur
720 2103 779 2149 1²21.
815 2109 852 2142 οε
862 2096 954 2156 fidicen
968 2098 1072 2142 Thuliae:
1089 2102 1115 2140 et
1127 2103 1198 2139 recte
1210 2095 1234 2138 ni
1253 2091 1337 2139 t‘sllor.

256 2166 341 2215 isdem
352 2164 474 2212 offensum
487 2170 629 2226 placarem.
815 2164 973 2220 »immersu
990 2166 1055 2210 enim
1069 2165 1169 2210 celebre
1183 2163 1251 2225 apud
1264 2163 1337 2213 ὓπο-

289 2242 319 2285 ll
343 2237 409 2284 Mate
420 2237 535 2298 sel-istor]
561 2240 593 2287 ld
616 2251 665 2301 est,
685 2244 777 2303 ignavo
813 2251 858 2284 cos
875 2237 1003 2298 Apollinis
1019 2252 1168 2300 cognomen,
1185 2255 1235 2303 qno
1247 2241 1337 2290 duceru

255 2311 389 2371 tonsilique
399 2310 453 2358 otio
472 2319 602 2373 vacantes,
618 2321 646 2362 ut
665 2313 777 2362 Budaeus
813 2311 984 2375 comitemque
999 2315 1131 2362 Missurum
1143 2329 1200 2363 esse
1212 2316 1339 2377 signitica-

257 2386 309 2434 ait:
327 2385 412 2433 ruslim
423 2389 778 2448 tarneusruleserr'utosiuter·
814 2388 884 2437 baut.
931 2391 1028 2440 Medici
1048 2406 1120 2452 ergo,
1137 2400 1165 2440 ut
1184 2393 1338 2442 Plutarchus

257 2461 365 2523 pretsri,
381 2467 478 2508 temere
497 2461 529 2510 ab
546 2463 622 2511 armis
633 2471 778 2512 cessantes:
816 2452 896 2512 referi
911 2466 1027 2528 Synrpos.
1039 2466 1208 2526 AEsculspinm
1221 2475 1247 2514 et
1258 2465 1338 2529 Apol-

259 2537 326 2602 quod
347 2547 420 2602 turpe
437 2547 478 2588 est
496 2539 522 2587 iu
540 2541 601 2588 viris
621 2540 780 2601 militaribus,
815 2539 954 2602 iiuem,qni
967 2543 1045 2588 Peon
1056 2542 1258 2601 cognominetur,
1270 2541 1340 2589 inro-

259 2614 302 2676 qui
315 2614 372 2674 soli,
384 2615 461 2663 etism
472 2614 548 2663 ferias
560 2623 654 2678 ugente
669 2618 782 2665 multitu·
816 2615 921 2675 cabant,
938 2631 987 2664 nou
1004 2617 1047 2678 qni
1066 2616 1223 2677 Mursgetes,
1239 2615 1259 2663 is
1271 2617 1337 2664 euim

260 2690 330 2752 diue,
353 2705 403 2739 non
421 2690 517 2739 debent
535 2692 628 2749 omnia,
650 2692 689 2738 rel
708 2691 782 2739 boste
818 2689 909 2738 Poetis
920 2691 1048 2738 convenit.
1080 2690 1168 2739 Quare
1179 2704 1236 2737 eum
1248 2691 1338 2753 implo-

262 2765 583 2828 rictosuperatoqne,tuta
594 2775 694 2826 putere.
707 2768 781 2828 Crsq.
818 2771 858 2812 rst
869 2764 1005 2822 Horatium
1019 2771 1057 2825 nt,
1066 2763 1133 2810 sicut
1145 2762 1251 2825 Argius.
1264 2765 1301 2813 its
1312 2774 1340 2814 et

295 2844 327 2887 ld
343 2838 544 2898 Felieretuuisss]
560 2837 674 2885 Acirilles
685 2854 733 2886 non
744 2840 781 2887 fe·
819 2841 919 2887 llsnuls
934 2843 969 2888 illi
988 2841 1062 2888 Musa
1080 2839 1152 2887 cordi
1170 2841 1213 2887 sit.
1233 2840 1340 2891 Torrerrt.

262 2911 370 2960 fellisset
379 2911 499 2971 Trojanos
517 2926 562 2959 suo
579 2913 645 2959 mulo
660 2913 781 2971 otiantes,
820 2915 908 2962 Ductor
917 2917 1020 2977 urgutae]
1036 2916 1060 2962 0
1072 2915 1170 2962 Plroebe
1182 2915 1285 2977 fidicen,
1297 2919 1340 2981 qni

261 2992 290 3033 ct
309 2983 363 3030 dies
381 2981 461 3032 festos
480 2985 651 3034 celebrantes.
683 2988 779 3051 Arrium]
819 2988 896 3036 doces
906 2989 1019 3036 Tbslium
1031 2988 1131 3035 illusum
1143 2995 1236 3049 argute
1247 3003 1341 3038 cauen-

261 3059 372 3108 Domum
384 3060 478 3120 regium
491 3061 597 3122 Priami,
614 3063 688 3110 etita
701 3070 780 3112 totam
819 3072 879 3114 tem.

262 3134 360 3183 urbem.
377 3133 484 3181 undis.
852 3145 884 3190 26
902 3142 998 3189 Xantho
1017 3141 1095 3201 mnne]
1123 3142 1189 3203 napi
1209 3142 1238 3189 rb
1259 3141 1341 3200 eoois

296 3215 327 3260 17
343 3209 566 3273 Stdpchmciciis]
578 3211 650 3258 Unus
661 3212 781 3261 librorum
820 3216 903 3279 τρίχας
923 3219 997 3264 ποιεῖν
1022 3219 1072 3264 τοῖς
1096 3216 1230 3276 λουομένοις
1255 3219 1340 3264 ducier

264 3293 407 3336 nostrorum
425 3282 473 3332 Sed
489 3286 782 3346 polumcictorbsbebat.
821 3293 925 3348 hocest,
942 3293 1001 3353 quod
1012 3293 1036 3339 irs
1053 3307 1079 3339 co
1098 3293 1142 3339 loti
1151 3291 1213 3353 fleri
1224 3291 1339 3354 fiuntcc·

264 3370 291 3410 et
302 3362 379 3423 psulo
390 3367 448 3422 post
464 3374 511 3422 pro
529 3362 646 3421 letentur,
657 3362 783 3426 jacentem,
817 3367 878 3427 pilli.
912 3367 950 3413 Eo
962 3367 986 3413 ni
999 3367 1071 3414 isllor
1083 3366 1195 3428 respexit
1205 3365 1338 3414 Hurstius,

263 3436 307 3484 slii
318 3449 405 3484 omues
421 3435 540 3495 latentem,
556 3435 623 3497 quod
638 3450 739 3499 sequor,
757 3445 784 3486 et
821 3440 889 3488 Nots
900 3440 966 3487 enim
978 3440 1104 3502 Apollinis
1115 3438 1229 3501 capillitii
1247 3439 1340 3499 pulcri·

263 3509 414 3558 Lumbiuum
424 3506 518 3569 fugisse
531 3509 615 3556 miror.
639 3511 688 3559 Est
698 3521 783 3560 sutem
820 3514 890 3562 tudo.
908 3515 1017 3563 Torreut.
1053 3514 1150 3562 Xustlso
1161 3513 1239 3575 unse]
1254 3514 1340 3576 'l'rojae

262 3597 314 3632 uun
324 3581 476 3631 inconcinne
484 3583 581 3630 numeri
591 3586 708 3634 mntstio.
729 3586 783 3634 Vic-
818 3586 903 3637 fluvio.

263 3665 302 3707 tar
320 3661 397 3707 etism
419 3671 470 3704 nun
488 3657 617 3723 displicet,
633 3675 782 3724 quamquam
850 3667 882 3712 27
899 3664 1016 3728 Duasiae]
1041 3666 1154 3713 Putrism
1172 3679 1244 3714 susm
1261 3666 1343 3729 respi-

262 3733 333 3782 cietis
343 3733 454 3781 fortusse
470 3732 605 3793 legendum
617 3735 658 3783 sit.
676 3736 783 3783 rmus.
820 3739 870 3786 cit:
887 3746 916 3786 nt
928 3750 970 3787 sss.
984 3739 1035 3787 Od.
1046 3744 1087 3787 lt).
1120 3739 1162 3788 its
1174 3742 1242 3788 eninr
1263 3741 1341 3791 ‘Ceae

265 3808 313 3858 osc
329 3811 407 3871 puluns
421 3809 490 3856 cistis
505 3807 599 3867 mois]
625 3808 675 3856 Sed
693 3819 784 3870 aperto
820 3812 966 3867 Camoene,’
983 3815 1121 3862 ‘calabres
1141 3815 1278 3876 Pierides,'
1295 3830 1342 3879 pro

264 3883 332 3933 bello
344 3898 436 3939 serus,
446 3892 474 3932 ct
484 3883 597 3941 immitis,
605 3883 680 3930 etism
692 3898 784 3945 paruos
820 3888 956 3936 Simonidis
984 3896 1010 3937 et
1031 3891 1106 3938 Ennii
1129 3891 1244 3938 versibus
1265 3891 1342 3939 dixit.

264 3957 385 4019 inientes,
402 3966 428 4006 et
444 3964 560 4005 materno
572 3957 655 4004 ventri
674 3957 784 4008 inclusos
822 3963 928 4011 Torrent.
960 3964 1074 4025 Dssrrioe]
1091 3966 1188 4013 Latine
1203 3967 1341 4023 Csmceuoe,

266 4033 439 4082 combussisse.
457 4030 509 4079 Alii
521 4032 608 4092 legunt
619 4033 703 4092 ruptis.
724 4035 785 4096 [Sed
820 4037 845 4085 id
856 4043 906 4098 est,
917 4040 1035 4088 carminis
1045 4040 1081 4086 sni
1095 4040 1189 4102 Lyrici.

265 4107 343 4167 pulum
362 4108 452 4168 pruris,
472 4107 516 4155 bes
537 4106 624 4166 setus!
644 4107 707 4156 lies!
729 4111 783 4159 siue
850 4115 882 4159 28
908 4112 986 4161 Leuis
1008 4113 1112 4176 Agyieu]
1140 4113 1234 4160 Mirum
1259 4111 1339 4172 dictu,

265 4179 530 4242 cuptisiuBamberg.]
818 4200 894 4249 quam
914 4190 983 4238 varie
1004 4189 1050 4237 boc
1062 4188 1189 4250 Apollinis
1199 4199 1338 4248 cognomen

293 4254 321 4301 ²1
342 4251 379 4299 Ni
389 4254 435 4300 tris
446 4253 534 4314 rictas]
559 4255 782 4320 Cmquiosesre·
819 4260 953 4323 prusenus
971 4264 1070 4327 antiqui
1089 4263 1197 4314 codices.
1230 4260 1296 4310 Nasu
1313 4269 1341 4310 et
