3022 5062
277 431 365 498 1512
624 444 734 493 nuum
757 443 956 492 vsnronuss
981 444 1019 491 ns

310 588 353 651 [ll
374 585 439 634 Votis
448 586 512 634 oreti
522 585 599 635 codd.
612 599 655 650 sp.
665 585 770 647 leuch]
839 582 925 642 uisne,
942 583 1003 646 quis
1023 581 1151 632 beneficis
1168 582 1235 630 omni
1257 566 1322 630 suco*
1337 589 1364 630 et

279 662 407 712 onerer.
434 661 596 722 nupsissent.
629 663 800 712 Authsn·
840 658 965 705 velamine
976 672 1066 706 cerere
1078 656 1183 706 dehent.
1216 657 1311 717 Munus
1328 658 1365 720 ip·

232 739 235 743 ’
288 747 380 795 ,ιιυι
389 735 574 788 roseumve.
596 737 801 792 Verissimum,
838 745 924 781 serum
936 734 1004 780 inter
1022 746 1050 781 se
1067 745 1191 781 connexe
1203 738 1293 779 notent
1308 745 1366 793 per-

309 817 338 859 et
349 826 423 874 mque
438 812 556 861 omuibus
575 811 698 860 moriendi
713 810 801 860 condi·
840 815 945 870 petuurn
958 807 1079 856 amicitie
1097 806 1191 866 treclin,
1207 806 1366 868 gratiamque

310 886 390 943 tione,
408 885 464 934 sine
484 900 532 948 spo
554 884 732 940 reviviscendi,
748 898 801 933 om·
839 898 856 931 s
871 884 955 946 gretie
972 882 1083 944 disjungi
1103 896 1154 930 uon
1174 895 1258 943 posse.
1290 881 1368 929 Stsnt

309 959 431 1023 uiumque
443 974 526 1010 rerum
539 959 679 1008 montione
690 965 717 1006 et
728 958 801 1007 vicis·
840 957 915 1007 hiisri
928 959 1009 1018 uultu,
1026 964 1054 1004 ut
1072 957 1258 1018 intelligamus,
1275 962 1367 1017 purete

310 1034 424 1082 situdine
435 1035 574 1097 proposits,
592 1033 685 1082 inritet
696 1033 729 1080 sil
739 1032 801 1082 hiis·
841 1040 869 1083 et
885 1041 1008 1096 prompte
1024 1030 1121 1080 debere
1132 1044 1190 1078 esse
1201 1037 1291 1078 nostre
1302 1031 1328 1078 in
1340 1044 1368 1077 s·

311 1108 376 1157 riter
388 1107 551 1171 jucundeque
563 1106 706 1157 rireucluur.
763 1140 765 1144 -
840 1108 921 1157 micus
939 1107 1076 1170 obsequis:
1093 1105 1234 1168 pinguntur
1246 1105 1368 1166 juvenes,

311 1181 382 1231 Libri
393 1189 493 1231 soteres
504 1182 546 1231 eiii
558 1182 668 1230 Movisse
677 1182 720 1230 elii
729 1183 802 1231 Mes·
841 1183 908 1247 quod
922 1184 1024 1245 accepti
1036 1180 1118 1244 gretie
1130 1178 1248 1228 beneficii
1259 1194 1309 1227 noo
1322 1178 1367 1226 de·

279 1257 337 1305 lien
350 1256 674 1318 Torgeutumsocsuteum,
690 1257 732 1305 cui
746 1271 803 1306 esr-
841 1258 902 1308 best
915 1268 1106 1308 consenescere.
1133 1253 1368 1314 circumjeciuutnr

278 1344 338 1380 meu
346 1330 414 1379 istud
423 1331 526 1392 scripsit
536 1330 668 1380 Horstius.
676 1330 803 1394 Cruquius
841 1335 966 1384 retentos
996 1329 1134 1394 pellucido,
1159 1327 1366 1391 qusndoqnidem

278 1405 353 1468 liujus
373 1405 464 1453 Manlii
485 1406 620 1454 consulens
642 1413 728 1454 netum
747 1419 804 1455 esse
841 1423 902 1458 vers
913 1407 1027 1458 amicitis
1041 1407 1065 1454 iu
1085 1403 1162 1452 rebus
1180 1402 1293 1450 honestis
1305 1416 1367 1449 con·

262 1480 415 1529 ·}lerstium
426 1479 521 1541 credit,
537 1481 580 1544 qui
600 1479 748 1530 menifestus
763 1494 804 1530 or·
841 1483 932 1532 sistere
959 1481 1046 1531 debet.
1090 1480 1185 1539 Eurm
1208 1484 1293 1526 sutem
1315 1490 1367 1524 uns

279 1569 324 1605 ror
340 1563 389 1604 est.
411 1555 518 1604 l'orrest·
558 1554 709 1619 [Bemherg.
733 1555 805 1604 Verss'
842 1571 933 1608 erens
944 1557 1065 1620 pingitur,
1075 1554 1131 1602 eluse
1142 1568 1204 1602 reru
1213 1551 1367 1600 sdumcou·

278 1631 804 1694 misenumseocsronstitsrere
842 1647 933 1694 rerem,
952 1633 1012 1696 qrris
1033 1631 1066 1680 sb
1089 1630 1236 1693 sucipiente
1258 1628 1367 1692 grstism

274 1705 328 1765 sm
342 1705 424 1768 Μ]
842 1706 970 1771 duplicem
982 1709 1081 1755 reverti
1093 1706 1179 1755 decet.
1197 1707 1272 1766 Creo.
1306 1703 1367 1751 Circ-

314 1780 474 1844 leffegcre
492 1781 567 1843 mser]
595 1781 671 1829 Veris
693 1781 806 1830 sdrsntu
842 1782 1060 1845 ros]Curgmtiae
1071 1777 1369 1842 fingunturnudre‚vide

280 1854 371 1919 hyems
392 1858 418 1905 iu
437 1856 524 1920 fugem
542 1859 659 1906 vertitur.
698 1857 807 1906 nerem
844 1871 888 1906 rit.
902 1856 955 1906 Od.
972 1860 1011 1905 tn.
1046 1856 1097 1904 Sed
1116 1856 1158 1902 hic
1172 1852 1369 1902 sortassenutlae

275 1929 551 1995 ismgrmisuosrspis]
568 1932 769 1994 Virgil‘Virirli
780 1947 808 1981 se
844 1932 976 1983 elucebunt
993 1933 1083 1981 choros
1101 1937 1209 1994 propter
1221 1929 1287 1977 reris
1303 1929 1370 1977 eslo-

282 2007 397 2066 gremius
419 2008 498 2057 restit
518 2006 624 2056 ’lelium’
666 2007 701 2054 Et
727 2007 808 2057 Meri.
844 2023 915 2059 rem:
933 2024 991 2058 uum
1003 2007 1100 2070 frigore
1112 2008 1251 2054 mitescunt
1269 2003 1370 2064 Zephy-

281 2078 418 2128 ‘Vestitur
428 2080 527 2141 humus,
544 2082 653 2129 vestitur
670 2088 698 2127 et
714 2080 807 2128 arbor!
846 2085 891 2132 ris.

283 2150 413 2211 Gramina]
431 2154 535 2201 Herbe.
873 2151 1045 2200 tlmssertctiu
1055 2149 1181 2209 reciperes]
1193 2148 1367 2210 Annumejus-

311 2227 329 2272 ²
346 2223 436 2283 cona]
456 2223 580 2270 Frondes.
840 2237 891 2284 qne
902 2223 1039 2268 verietstes
1051 2221 1253 2278 docentnos‚nr
1264 2223 1369 2271 immor·

254 2362 258 2367 .
313 2295 497 2345 SMetutterru
507 2292 804 2355 circumsonasset·
840 2295 1369 2361 teliesperernus:nemoumtempnsip·

280 2370 426 2435 quoium,
444 2381 511 2416 nuuc
530 2375 619 2430 specte
636 2374 663 2414 et
679 2367 803 2416 exercite.
839 2382 895 2416 sum
917 2382 1018 2429 semper
1039 2369 1072 2417 sit
1095 2370 1121 2418 in
1141 2370 1222 2432 fluxu,
1240 2373 1301 2420 nihil
1320 2375 1369 2422 suh

280 2444 478 2496 Bidenses-cto
488 2444 552 2506 tipus
564 2444 686 2508 Ftsminu]
708 2443 805 2492 Selme-
838 2449 1053 2506 temporepotest
1065 2446 1306 2506 perpetnodursre.
1333 2450 1368 2496 Et

280 2521 332 2570 sins
350 2522 486 2585 legendum
498 2527 594 2583 censet,
610 2520 762 2568 recrescestr’u
772 2519 806 2567 η’-
840 2520 1009 2583 nissumdicss]
1035 2521 1306 2583 Voostulrsssm‚quod
1320 2523 1369 2582 sol,

278 2600 379 2660 perstre.
398 2597 481 2644 llicit
491 2595 569 2650 eim.
587 2609 658 2656 sere,
670 2595 758 2642 solutis
769 2595 807 2643 ni·
842 2597 886 2659 qui
906 2594 957 2644 diei
974 2601 1079 2657 preest,
1102 2595 1186 2642 omnis
1202 2597 1254 2643 slst
1270 2610 1300 2644 sc
1321 2610 1369 2642 nu·

282 2671 366 2734 ribus,
377 2679 527 2721 recrescunt
538 2685 568 2721 sc
580 2671 710 2719 abundent
724 2668 806 2719 flumi·
845 2672 915 2721 trist.
947 2670 1005 2718 Duo
1024 2670 1191 2731 exemplaris,
1214 2679 1242 2720 et
1264 2670 1368 2734 quidem

244 2802 247 2806 ⁴
281 2761 325 2810 ns,
336 2747 456 2809 ripasque
467 2760 524 2793 suus
536 2743 710 2807 superfluunt:
728 2758 808 2807 unget
844 2745 895 2795 tide
910 2746 996 2807 digus,
1008 2744 1085 2792 olbrrm
1095 2743 1202 2804 hubent,
1213 2758 1261 2807 pro
1272 2747 1370 2795 ulmum

284 2828 374 2882 egunt,
394 2820 436 2881 qni
456 2819 614 2865 decrescentia
639 2817 742 2877 vulgetis
764 2832 808 2865 nu·
843 2821 962 2869 Torrent.

284 2895 356 2941 tione
369 2891 402 2938 ibi
412 2891 556 2951 rccipiunt:
566 2903 624 2937 narn
634 2889 808 2939 ‘decrescere'
876 2898 893 2941 9
909 2894 1039 2942 Mitesccst
1051 2894 1181 2957 Zephyris]
1207 2895 1315 2957 Frigore
1325 2896 1372 2945 mi·

283 2961 461 3024 hictignifictt
470 2962 544 3011 ”lde
553 2976 680 3019 efficerer
689 2964 808 3027 ripasque
845 2970 960 3032 ligentur
972 2984 1065 3028 suere,
1074 2971 1145 3032 cnjus
1157 2971 1239 3018 nuntii
1252 2979 1311 3019 sunt
1323 2972 1372 3020 Ze-

283 3037 477 3089 trsusceudere.
507 3039 589 3086 Mmut
601 3039 678 3102 terro]
690 3039 810 3089 Mutetur
846 3043 930 3105 phyri,
939 3044 1007 3091 renti
1019 3044 1100 3103 tepidi
1113 3051 1140 3091 et
1150 3045 1222 3103 sicci,
1234 3044 1267 3093 sb
1276 3060 1369 3093 occasu

285 3113 343 3161 suni
356 3120 466 3175 tempor.
499 3113 594 3176 [codd.
606 3128 648 3177 sp.
660 3114 753 3176 Jseck,
767 3129 809 3163 rtr-
845 3116 1257 3179 AEquinoctisliflentessdversus
1266 3120 1371 3167 Eurum.

283 3188 322 3252 pis
333 3203 379 3251 pro
391 3190 477 3252 ripen]
851 3190 899 3240 Ver
904 3195 1005 3253 proterit
1011 3189 1093 3251 ustos]
1107 3192 1160 3240 Ver
1168 3193 1284 3254 sequitur
1294 3200 1370 3241 testes

317 3267 332 3313 4
351 3264 463 3312 Flssrs'rso
471 3267 628 3329 pratmesm]
649 3267 764 3316 Flumine
774 3266 810 3314 in·
847 3273 875 3314 et
886 3267 1021 3314 consumit.
1055 3266 1150 3328 [Codri.
1161 3279 1201 3326 ep.
1218 3265 1311 3326 Jeeclr,
1328 3279 1371 3313 cer

286 3346 328 3389 trs
339 3354 397 3388 suas
408 3340 477 3401 ripas
486 3339 577 3402 fluunt,
585 3354 665 3404 neque
678 3357 720 3390 eus
732 3350 813 3391 treus·
846 3342 981 3403 prutrohit,·
994 3342 1105 3403 Gnelph.
1115 3339 1241 3402 preterit]

287 3414 373 3475 illuni,
389 3424 419 3463 ut
429 3416 535 3464 hiberno
546 3423 672 3477 tempore.
881 3420 912 3463 1⁰
928 3417 1016 3477 Simul]
1034 3417 1219 3479 Posteaquam.

318 3499 332 3541 ⁵
353 3493 502 3540 Gratiarum
514 3492 641 3554 Nymphis]
666 3493 765 3543 Gratim
783 3502 811 3542 et
880 3494 911 3538 12
929 3490 1020 3538 Brinno
1029 3489 1142 3551 recurrit]
1153 3490 1247 3538 Brutus
1258 3487 1320 3537 iecit
1333 3489 1372 3551 pi·

287 3569 416 3631 Nymphis
427 3567 494 3615 reris
508 3568 655 3616 smoeuitrte
674 3569 705 3616 sd
723 3569 810 3617 indum
847 3577 906 3626 gros
923 3573 951 3613 et
970 3565 1073 3612 inertes.
1112 3563 1206 3626 [Cocli.
1226 3577 1269 3626 sp.
1287 3563 1369 3614 Jseck

287 3651 471 3708 provocentur.
501 3641 567 3691 Sunt
583 3643 681 3692 Gratim
701 3652 764 3705 tres,
775 3642 810 3691 A.
849 3640 946 3699 Pmmu,
959 3641 999 3687 vel
1012 3637 1237 3700 Pruinurecenit.]

287 3721 364 3782 glsis,
382 3719 482 3778 'l'hnlis,
500 3718 675 3782 Euphrosyne.
708 3720 776 3768 Vide
790 3733 810 3767 r.
880 3717 911 3760 ts
928 3713 1024 3761 Dorsuo
1040 3710 1129 3771 tumes]
1151 3712 1232 3763 Quasi
1252 3712 1368 3761 diceret:

287 3792 340 3844 0d.
360 3800 400 3844 so.
432 3795 511 3842 Audet
522 3793 613 3842 Dium
629 3795 705 3855 nudo]
730 3793 773 3842 sic
790 3808 809 3842 ι,
846 3787 977 3848 Tempore
996 3788 1098 3835 assiduo
1122 3789 1195 3848 lspsu
1216 3784 1311 3846 fluunt,
1333 3799 1373 3833 re·

289 3870 342 3919 0d.
352 3875 376 3918 4.
393 3868 562 3930 ‘Junctaeque
574 3866 699 3929 Nymphis
710 3867 809 3916 Gratiis
847 3862 927 3912 dsunt
942 3871 1026 3911 tumen
1033 3879 1040 3921 ς
1058 3863 1103 3910 sed
1117 3876 1162 3910 uos
1172 3863 1253 3911 semei
1264 3862 1372 3910 extincti

288 3943 430 4004 decentes,’
448 3946 495 3990 lico.
528 3941 642 3989 Verbum
657 3942 724 3990 enirn
740 3945 810 3993 undet
846 3951 974 4001 nunquam
992 3937 1158 3985 renascimur.
1193 3938 1284 3986 Celeres
1305 3951 1372 3998 repu-

288 4019 336 4068 hoc
347 4021 404 4069 loco
415 4020 550 4079 eleganter
568 4017 688 4078 positum,
704 4017 758 4066 sire
776 4019 810 4068 ob
846 4012 972 4073 rustic]
991 4013 1084 4060 Celeres
1100 4012 1214 4073 appellnt
1224 4013 1309 4059 Luuss
1317 4029 1326 4071 ;
1342 4016 1372 4057 ut

289 4091 390 4152 frigoris
404 4091 585 4151 remissionem,
596 4090 649 4138 sire
661 4092 729 4154 qrtod
741 4093 809 4141 nodo
847 4087 980 4135 ‘Celerem
990 4101 1084 4149 pronos
1094 4088 1195 4136 volvere
1204 4099 1301 4134 meuses
1308 4082 1372 4132 Dis·

289 4166 330 4214 sit.
349 4168 456 4214 Torrest.
847 4162 919 4210 uem’
938 4163 1005 4210 dixit
1023 4162 1081 4211 Ods
1102 4160 1274 4224 procedente.
1310 4157 1370 4207 lum

321 4242 338 4287 o
354 4237 446 4287 Ducere
462 4239 536 4301 nudo]
553 4239 652 4289 Gratia
670 4239 811 4304 pinguntur
848 4251 908 4287 tero
919 4239 979 4301 quis
989 4245 1131 4300 temporum
1142 4236 1210 4298 fug·
1222 4231 1299 4281 ritem
1315 4246 1374 4280 nos·
