3030 5048
261 412 345 481 tros
608 429 713 476 noun
735 427 934 478 vneronun
960 430 999 478 irs

260 588 277 623 s
287 574 390 632 Potare,
402 570 487 633 Lycios
499 568 614 633 civitate,
624 571 782 622 ubirnoxinre
819 577 872 620 est:
889 570 971 619 Terre
983 578 1076 630 meter,
1088 570 1208 633 imposito
1218 574 1345 619 monstro·

261 648 401 698 colebatur.
819 647 853 694 sis
864 644 1345 709 figentibusonistiliis,dolet,etruoe·

292 725 325 770 64
341 721 457 770 Delium
474 720 588 770 Potorous
598 721 691 785 Apollo]
716 721 783 773 Quis
819 729 868 777 ret,
880 736 937 770 snos
956 731 1043 784 pertus
1060 736 1118 770 esse
1132 720 1240 769 fulmine
1255 722 1345 770 missos

258 795 364 858 ‘Lycios
372 794 492 844 dumeta*
503 803 530 844 et
540 799 548 823 ⁸
559 794 671 845 natitent
680 796 784 844 oilvnns’
820 795 852 844 sd
864 797 971 850 Oreum,
983 796 1008 843 id
1020 803 1069 856 est,
1080 794 1112 844 sd
1130 796 1251 857 Plutone,
1268 810 1346 858 snpra

261 871 372 932 dixerut,
393 873 490 934 optime
511 871 563 921 duo
584 871 712 922 udduntur
728 872 783 934 cpi·
819 871 920 920 modurn
941 871 1073 935 pallidum,
1091 879 1120 921 et
1139 871 1239 921 interno
1259 874 1354 921 colore‘

261 947 350 995 theru:
368 945 603 1007 Detsnobnsrne
618 947 715 996 solum:
733 947 783 996 Po·
818 945 952 995 indutum.
985 947 1077 1007 numa
1103 946 1224 1008 monstris]
1249 947 1346 995 Potlros

258 1021 383 1070 turmot)
403 1022 522 1071 Peterson
541 1022 626 1084 Lyciae
644 1023 741 1084 urbem,
757 1022 783 1070 in
819 1028 972 1082 maternum,
980 1020 1046 1084 quod
1057 1021 1166 1083 ipsomet
1175 1027 1284 1082 cogetur
1291 1034 1346 1069 esus

260 1107 310 1157 qus
335 1093 463 1157 Apollinis
472 1094 626 1155 -delubrunr,
645 1095 737 1159 opibus
757 1104 784 1145 et
821 1096 900 1144 ultrix
913 1110 1015 1143 unorum
1023 1094 1142 1143 tiliorum.
1161 1095 1235 1156 Crsq.

261 1171 358 1218 oraculi
380 1169 432 1218 tide
459 1170 586 1233 Delphico
607 1171 668 1219 olim
694 1170 783 1220 simile.
852 1176 883 1221 lt
902 1167 1345 1232 Nccpcreds't1Amplificstionbae·

260 1245 391 1294 liussruns
402 1259 464 1306 crgo
480 1245 574 1307 gostis,
587 1243 675 1293 leudes
688 1245 785 1309 Aponi-
821 1243 1261 1306 ternitstesuppliciidsmnstornm.
1273 1244 1346 1304 cosp.

260 1321 301 1369 uls
312 1319 395 1369 obiter
411 1318 452 1369 hic
470 1319 570 1368 inserit.
602 1320 686 1368 Porro
699 1321 784 1383 gignu-
851 1318 1348 1382 ‘16AEtroom]Sieiliaemoutern,Ence·

261 1401 316 1443 tuus
332 1393 437 1454 belluni,
448 1400 476 1441 et
493 1392 519 1441 iu
538 1408 569 1442 eo
590 1395 732 1456 prnstitsrn
751 1395 784 1443 uls
821 1392 881 1442 indo
892 1393 989 1456 giganti
1002 1393 1131 1455 injectum.

260 1467 382 1532 Apolline
392 1483 505 1532 opersrn,
518 1477 597 1532 utque
608 1469 673 1518 odeo
684 1484 784 1520 omnem
852 1471 884 1516 77
901 1465 1086 1528 Incontinentis]
1112 1465 1223 1528 Proprie
1246 1466 1347 1514 inconti-

260 1542 330 1592 illsm
350 1541 461 1592 tabularu
483 1544 653 1605 pulcherrime
672 1545 786 1608 explicet
821 1549 901 1592 nentes
922 1550 999 1607 utque
1020 1544 1201 1604 intenpcroostes
1228 1555 1348 1589 rocsrnus

261 1617 378 1667 Mscrob.
388 1617 494 1666 Sstnrn.
506 1632 525 1667 r.
537 1622 578 1668 20.
597 1619 705 1667 Torreot.
821 1632 876 1680 eos,
887 1633 951 1682 quos
962 1619 1069 1680 ἀκρατεῖς
1081 1627 1108 1666 et
1118 1615 1264 1666 &oldoinus
1274 1616 1349 1666 Grre·

295 1697 327 1743 6⁵
350 1693 391 1742 Vis
401 1693 483 1742 cosrilt
493 1692 588 1755 swero]
605 1693 664 1742 Huc
681 1694 786 1756 respicit
821 1694 863 1744 ci:
879 1694 923 1758 qui
936 1702 1007 1743 tuctu
1017 1701 1234 1757 girstntnque,seu
1247 1693 1348 1741 Venere

261 1768 397 1818 Clondico.
419 1769 563 1818 ‘Nonsolis
576 1768 672 1818 uiribus
684 1784 785 1834 sequeus
822 1783 853 1816 sc
870 1769 937 1831 gulo,
952 1770 1112 1833 delinquunt.
1146 1770 1217 1819 Quos
1228 1781 1349 1817 sensuum

263 1845 396 1894 Credere:
411 1858 479 1906 osope
491 1845 543 1893 scri
554 1844 639 1906 potior
649 1844 786 1907 prudentia
822 1845 930 1893 istorum
952 1846 1098 1909 voluptates
1122 1844 1182 1909 quis
1204 1857 1350 1893 communes

261 1918 370 1967 dextra!
397 1919 435 1967 Ac
448 1927 523 1968 notus
535 1919 577 1967 ille
589 1919 718 1981 Euripidis
729 1934 786 1968 ver·
822 1918 944 1968 hebemus
956 1934 1014 1968 curn
1027 1919 1127 1978 belluis,
1137 1919 1195 1968 ideo
1212 1919 1261 1967 illis
1274 1933 1350 1981 quern

260 2006 303 2040 sus
315 2007 322 2038 :
339 1990 470 2054 zopovptp
481 1991 507 2039 lo
516 1991 684 2052 βούλευματὰς
694 1993 788 2042 πολλὰς
823 1995 880 2043 eliis
889 1993 1224 2057 delinqueredetestsbilius
1232 1992 1350 2041 habetur.

261 2064 334 2127 χερὸς
345 2066 416 2125 Νικᾷ.
450 2066 508 2114 Quo
527 2065 649 2126 prudenti
666 2081 787 2114 nnocou·
824 2066 959 2116 Quomodo
977 2081 1038 2112 vero
1057 2064 1180 2113 differunt
1200 2065 1303 2126 ἀκρατὴς
1321 2073 1349 2113 et

261 2139 318 2187 silio
330 2139 424 2186 roultss
442 2137 508 2185 rioci
519 2153 607 2184 nonnus
619 2145 728 2186 testatus
740 2146 788 2189 est.
824 2137 965 2190 intimos,
986 2138 1066 2185 Arist.
1088 2138 1166 2185 trudit
1181 2137 1213 2185 dc
1233 2138 1349 2186 Moribus

266 2208 412 2269 Viscorosill]
429 2209 787 2271 Roburcorporinsinepru·
824 2211 866 2258 tib.
877 2215 901 2258 7.
926 2210 996 2258 Vide
1006 2209 1119 2258 Gellium
1138 2222 1198 2259 ιιι.
1214 2215 1238 2259 2.
1255 2212 1351 2260 etMu·

262 2287 360 2348 (leutio,
368 2300 413 2334 suo
423 2284 517 2332 inbitur
525 2284 634 2346 inipetu·
666 2283 726 2346 [Vis
733 2298 786 2332 corr·
824 2285 1019 2337 crob.extrenso
1029 2285 1073 2335 tib.
1083 2286 1227 2335 instituto.
1240 2287 1349 2336 Torreot.

262 2363 312 2412 istit
322 2375 405 2424 expers
414 2357 722 2420 momorderunt]
825 2361 995 2409 incontinentis
1015 2375 1057 2408 nec
1080 2361 1158 2424 Tityo]
1186 2363 1242 2410 Nec
1265 2365 1351 2411 vuitnr

294 2440 327 2486 td
347 2434 576 2498 Vimtempcrotons]
597 2432 787 2482 Virereonsilio
824 2437 945 2501 relinquit
958 2435 1080 2499 peredere
1090 2437 1169 2498 jecur
1189 2437 1259 2499 Tityi
1279 2437 1350 2485 luxu·

263 2513 421 2576 gubernatus
434 2511 478 2559 Dii
491 2517 595 2573 sugent.
824 2512 1059 2576 riosi,quiLrtorsae
1070 2518 1185 2572 struprum
1198 2510 1295 2559 iuterre
1307 2525 1354 2558 co->

294 2591 327 2639 68
344 2585 477 2647 Moceotos]
495 2586 570 2632 Vires
584 2585 729 2647 cogitantes
741 2585 786 2632 iui-
825 2595 899 2635 natus
911 2594 960 2634 est·

262 2664 395 2730 quitatem.
855 2665 887 2709 78
901 2661 1026 2724 'Nequito‘oe
1040 2661 1147 2723 additos]
1172 2661 1349 2723 Intemperan-

295 2743 327 2786 09
346 2738 497 2787 Contionum
517 2736 607 2798 Gigas]
631 2736 663 2784 In
686 2737 787 2799 quibus·
825 2738 867 2785 tin
880 2738 958 2800 ipsius
972 2741 1103 2800 oppositus
1120 2746 1215 2798 curtos,
1232 2745 1260 2785 ut
1278 2737 1301 2784 ei
1317 2737 1351 2785 sit

263 2813 322 2861 doru
341 2810 571 2870 veteribus‚Gyus.
605 2809 673 2857 Vide
691 2812 788 2860 Mures.
824 2810 939 2861 infestus.
961 2814 1028 2861 Vide
1040 2813 1151 2861 Gellium
1164 2826 1213 2861 vrr.
1226 2817 1266 2862 ll.
1300 2813 1351 2861 Nc·

263 2887 325 2934 Ver.
344 2885 467 2932 Leonvr.
485 2887 524 2931 rs.
567 2884 717 2931 Gentinosrso
736 2884 787 2946 Gy·
824 2885 906 2943 qnitiae
927 2888 1022 2934 additus
1043 2889 1133 2948 custos]
1165 2887 1351 2951 ‘Nequitiam'

262 2959 320 3022 gos]
338 2960 467 3018 Briareus,
478 2959 509 3006 de
521 2974 571 3020 quo
581 2959 677 3007 videor.
689 2958 742 3008 0d.
751 2963 788 3008 17.
825 2957 866 3005 liic
878 2972 925 3019 pro
945 2959 1049 3006 libidine
1064 2962 1134 3020 poni,
1153 2961 1211 3008 iude
1232 2960 1351 3010 menites·

297 3038 330 3083 ro
350 3034 455 3094 integro
466 3034 565 3095 Dim]
592 3034 676 3082 Ceste
686 3034 789 3082 Dionos.
826 3038 879 3079 turn
890 3040 939 3092 est,
949 3030 1017 3096 quod
1026 3033 1186 3095 Tityrrm‚de
1201 3050 1251 3098 quo
1267 3036 1351 3085 sdlsuc

296 3113 326 3157 71
347 3108 461 3157 Tentotor
471 3109 570 3170 Dionoe]
595 3108 654 3158 Hoc
673 3117 788 3168 est,rtn·
825 3107 947 3171 loquitur,
959 3110 1160 3157 incontinentem
1180 3118 1264 3159 vocet.
1297 3109 1350 3160 Sed

265 3187 305 3250 pri
316 3186 475 3235 sollicitator.
507 3187 630 3236 Sicenini
642 3187 699 3234 Vol.
717 3185 788 3235 Μαι.
824 3182 1157 3247 de‘uequitiae'rocsbuto
1170 3186 1275 3246 egregie
1287 3185 1351 3234 Get

268 3274 306 3311 vr.
329 3265 352 3309 l.
383 3260 502 3309 ‘Citstns
529 3260 616 3323 ireque
641 3259 789 3309 Scantinius
824 3258 985 3307 linurinlt.

265 3351 335 3397 reus,
352 3325 405 3384 'uno
425 3342 503 3395 teste,
524 3335 568 3398 qui
585 3339 699 3382 tentatus
721 3341 788 3395 erut,
856 3337 889 3381 os
903 3333 1050 3395 Amatorem]
1067 3333 1195 3382 invidiose
1206 3341 1283 3397 utque
1296 3348 1349 3383 orn·

266 3413 402 3462 damnatus
423 3417 482 3462 est}
512 3410 689 3469 ‘Tentstunr‚'
711 3418 788 3460 voest
824 3408 886 3458 nino
905 3409 1039 3456 inmotum
1059 3418 1158 3472 perteus
1178 3409 1215 3456 sic
1235 3410 1350 3471 uppetlst

266 3487 466 3549 adolescentem,
477 3501 551 3550 quem
564 3487 596 3535 de
613 3494 702 3549 stupro
720 3487 788 3535 solli·
824 3485 976 3544 Pirithoum,
987 3484 1030 3547 qui
1042 3498 1092 3532 uos
1103 3499 1158 3532 cnm
1174 3486 1274 3535 Theseo
1286 3487 1350 3536 Pro

264 3565 390 3612 citsserst
406 3562 560 3612 Scantinius.
594 3562 673 3624 Cujus
691 3558 788 3609 suctum
825 3560 952 3621 serpiusm
965 3573 1054 3620 rupere
1065 3573 1137 3606 susus
1149 3559 1306 3625 ineritzquu
1317 3561 1350 3611 de

265 3637 407 3701 improbum
436 3637 484 3698 legi
505 3634 654 3696 Scsntluiae,
675 3649 733 3699 quse
755 3634 789 3683 de
826 3633 1084 3694 repressimus.
1103 3633 1211 3683 Torrent.

267 3712 390 3774 pudicitia
402 3719 466 3766 erut,
478 3725 568 3759 nornen
579 3709 680 3760 dedisse
692 3710 789 3758 volunt.
857 3710 889 3755 80
907 3707 1040 3755 Pirithoum
1060 3706 1179 3770 cohibent]
1208 3709 1304 3758 Ixionis
1322 3719 1351 3760 ct

227 3786 231 3796 '
267 3786 325 3835 Nec
348 3785 469 3835 dissimile
490 3793 540 3846 est,
561 3785 627 3850 quod
651 3792 657 3814 ¹
662 3784 788 3848 judiciuin
824 3782 884 3831 Die
907 3781 996 3845 titium,
1016 3793 1154 3832 onustorum
1177 3775 1351 3850 Proserpina,

266 3867 367 3910 tentore
385 3861 508 3924 pecunin’
526 3860 591 3910 dicit
602 3861 656 3910 Cio.
668 3874 715 3922 pro
730 3859 788 3908 Mn·
825 3872 900 3921 quoru
908 3866 1201 3921 superequurntenturet
1210 3860 1350 3920 Pirithous,

267 3949 335 3983 reus.
361 3936 402 3983 De
414 3935 510 3984 Orione
522 3935 631 3984 diuinus
644 3949 674 3984 rr.
687 3935 788 3985 odes.
825 3934 922 3982 cetenis
941 3933 1035 3982 dicitur
1054 3935 1193 3998 inplicitus
1209 3949 1263 3983 esse
1281 3934 1348 3997 opud

269 4009 336 4060 Torr,
370 4013 445 4060 Orion
463 4012 564 4074 Diona]
581 4012 662 4060 Orion
675 4018 789 4070 senetur,
824 4010 932 4060 interos.

268 4092 383 4146 stiiprsre
394 4095 502 4137 conotus
513 4088 634 4148 Disussn,
643 4084 699 4146 ejus
710 4086 789 4147 sugit·
825 4085 888 4135 Ono
910 4101 936 4134 v.
968 4085 1127 4149 nopnoerort.
1158 4087 1219 4134 Diri
1238 4084 1348 4146 Augusti

266 4158 301 4207 tis
310 4166 350 4205 est
361 4159 503 4212 confossus.
856 4160 956 4214 laudes,
966 4161 1050 4209 Crassi
1064 4160 1230 4223 vituperium:
1255 4158 1347 4220 Reguli

300 4236 332 4282 78
359 4233 450 4292 lrn'eoto
470 4239 580 4288 monstris
603 4234 687 4300 Tmo]
716 4236 789 4287 Ordo
858 4236 1012 4297 constantis,
1027 4244 1055 4285 et
1075 4235 1107 4284 sd
1131 4235 1222 4283 Poeuos
1244 4233 1349 4284 reditur.
