3022 5062
432 451 588 500 nonnuli
617 452 664 499 DE
688 452 787 500 ARTE
813 451 971 500 POETIGA
998 455 1068 503 Llll.
1211 438 1296 504 1883

237 599 269 644 41
290 593 388 654 Uliam
406 607 467 642 nane
484 593 560 656 dicat]
575 593 728 642 Aristoteles
770 594 813 642 ris.
846 595 968 645 Notasnai
982 597 1182 659 colliduserbau,
1196 596 1249 662 isc]
1267 600 1296 648 Si

206 668 728 731 ariciortupn'e'matimnscrtpusqueadeo
769 668 909 719 artificiosa
930 673 1062 722 rethorum
1084 674 1219 735 connexio,
1239 689 1295 722 ver·

205 743 320 792 unrnibus
341 745 450 791 maxime
466 743 582 792 ordinem
594 744 730 792 obserrau·
770 744 830 793 hum
850 745 943 807 alioqui
966 762 1068 810 norsum,
1083 749 1227 799 reddiderit
1250 766 1293 800 no·

206 818 266 866 duur
285 831 350 872 esse,
369 827 397 867 ut
417 834 457 866 res
475 827 555 881 gestie
573 828 645 868 recta
662 819 729 868 serie
772 830 825 871 tum
835 829 863 869 et
876 822 1051 884 perepicunm.

205 902 327 956 rectoque
336 893 425 942 ordine
433 894 584 957 procedant.
600 896 729 944 Caetcrirm
800 903 833 947 49
845 898 944 946 Iudiciis
954 905 1082 946 mmstrnre
1092 900 1232 965 recensitas]
1244 903 1295 950 Vo-

123 978 129 983 ·
206 976 260 1015 tum
288 968 398 1030 optimus
425 983 481 1018 ease
509 979 630 1017 censetur
657 970 728 1030 ordo,
768 974 957 1022 cabulisnuvis.
988 973 1293 1035 Abdstsreraousslesab·

207 1043 309 1104 otiando
328 1046 413 1091 nuruis
432 1058 479 1092 suo
496 1044 554 1092 loco
573 1052 601 1092 et
613 1052 728 1107 tempora
768 1051 842 1099 ditas.

206 1118 345 1178 adduntur,
363 1127 392 1166 nt
413 1126 440 1167 et
456 1119 504 1167 hoc
515 1119 572 1167 loco
583 1120 660 1168 docet
673 1121 727 1170 Ho·
799 1132 830 1175 ub
850 1128 950 1188 Fingere
957 1127 1068 1176 cinctutis
1075 1141 1120 1174 aon
1128 1126 1240 1175 esmant
1250 1129 1296 1176 Ce-

206 1201 295 1242 ratim.
314 1193 430 1242 Nmi'ss·
459 1193 576 1242 Midili!
586 1195 645 1256 diti]
662 1196 727 1247 0¹¹³
746 1235 751 1243 ·
767 1204 854 1264 thegis,
865 1204 918 1266 bn]
937 1203 1022 1252 Acron
1034 1203 1086 1251 his.
1097 1203 1122 1251 iu
1135 1202 1296 1252 Bibliotheca

206 1266 729 1330 debenifflclstiiilfflffldi'tfflwffl
769 1279 977 1328 Mediolanensi:
1002 1278 1127 1340 mactmus,
1155 1277 1297 1327 ‘exertos'

198 1343 251 1402 ,iuna
260 1360 321 1393 usse
331 1347 404 1407 dicut,
414 1347 467 1410 in]
488 1349 522 1396 Ut
532 1363 564 1397 ea
574 1349 656 1410 dicat,
671 1364 728 1414 quta
769 1363 840 1404 recte
852 1369 884 1402 ex
897 1356 999 1404 Lucano
1010 1353 1206 1417 interpretatur.
1231 1354 1296 1403 Iden

205 1434 273 1469 nunc
285 1422 335 1469 dici
345 1422 448 1473 dehent.
547 1478 552 1489 ,
769 1445 831 1493 ergo
842 1431 969 1492 cethegos
986 1437 1088 1477 exertos
1104 1428 1189 1478 dictus
1201 1429 1295 1477 intelli·

236 1502 268 1546 dl
289 1500 442 1564 Etproeaeas]
456 1502 490 1550 Ut
503 1502 729 1552 infuturumtenr·
769 1507 860 1567 pimus,
881 1504 949 1568 qnod
971 1505 1025 1552 sine
1052 1504 1148 1562 tunica,
1169 1500 1294 1566 nudisque¹

207 1586 253 1634 pus
263 1572 374 1626 differat.
406 1577 516 1626 Proeseas
525 1579 550 1625 iu
561 1581 727 1642 tempuaamit·
769 1582 875 1630 humero
889 1589 916 1628 et
929 1579 1033 1627 brachio
1045 1579 1206 1640 incederent,
1217 1587 1296 1643 atque

205 1647 253 1710 tut]
270 1648 370 1712 Opiuor
381 1657 465 1700 autem
476 1652 502 1700 in
509 1669 612 1716 proteus
623 1655 728 1718 dixisse,
769 1658 827 1706 inde
838 1657 952 1705 cinctatos
963 1653 1031 1717 quod
1044 1655 1100 1702 loco
1112 1654 1217 1714 tunicae,
1226 1655 1296 1703 clnc-
1339 1704 1343 1708 λ

205 1723 288 1786 proin
302 1730 421 1786 praeenti
442 1739 565 1790 ternpore,
578 1731 728 1780 Graecorum
769 1739 821 1780 tum
831 1729 1086 1795 gestarent,huccst,
1096 1728 1295 1789 subligaculum,

207 1799 349 1848 imitatione
360 1802 421 1850 eard
429 1803 458 1850 rb
466 1804 546 1865 rmo'v.
555 1806 622 1866 4νηῖ
632 1805 729 1868 παρόντι
770 1809 823 1856 sive
835 1815 988 1869 campestre,
1001 1803 1068 1867 quud
1081 1806 1147 1852 solas
1159 1812 1247 1867 partes
1258 1805 1294 1852 iu·

207 1871 384 1935 xpdrpbaan.
412 1878 526 1940 Omittit]
538 1878 729 1943 Syllshaprirna
767 1883 807 1932 fra
831 1890 923 1947 pectus
947 1880 1053 1928 velabat.
1086 1878 1212 1928 ‘Exerti’
1233 1894 1296 1942 ergo

207 1952 329 2009 συστολὴν
340 1964 470 2016 11111111·
769 1959 841 2018 dicti,
853 1957 920 2021 quud
933 1956 1001 2005 dorni
1013 1964 1040 2005 et
1053 1955 1134 2015 togati
1146 1963 1237 2004 exerto
1249 1969 1296 2003 nu·

238 2031 270 2076 45
287 2028 423 2089 Hocnmt,
440 2032 603 2096 inceperunt]
622 2034 673 2082 Pro
690 2048 729 2082 re·
767 2034 851 2097 doque
879 2033 983 2080 humero
1011 2046 1041 2081 ac
1069 2031 1172 2081 brachio
1196 2038 1296 2087 esseut,

208 2116 262 2150 rnsu
280 2103 380 2153 delectu
391 2105 456 2154 aliud
470 2109 590 2169 probare,
601 2108 671 2157 alind
685 2110 732 2158 im·
769 2123 844 2173 quem
866 2116 957 2170 postea
974 2121 1068 2155 morem
1086 2107 1162 2155 etiam
1179 2107 1205 2154 in
1224 2106 1296 2155 hellis

206 2180 315 2241 probare
325 2182 411 2238 debet,
424 2184 467 2247 qui
478 2199 505 2231 se
514 2184 621 2234 Poetam
633 2185 730 2248 proies·
767 2190 911 2237 servarunt,
924 2187 952 2230 ut
963 2182 1062 2231 scilicet
1074 2183 1129 2230 siue
1143 2181 1228 2231 tunica
1238 2184 1294 2230 solu

206 2265 306 2304 titsest.
334 2257 448 2306 Promiasi
458 2259 730 2321 monialemnn]ltle
768 2260 855 2309 cinctu
878 2272 907 2306 ac
933 2257 1065 2320 chlamyde
1090 2267 1181 2306 exerto
1207 2259 1296 2318 gentili

206 2331 248 2393 qui
276 2330 367 2394 polinic
394 2334 506 2382 institnit
532 2341 578 2382 aut
605 2335 731 2397 promisit.
768 2349 838 2382 mora
855 2333 957 2383 brachio
974 2340 1126 2395 pugnarent.
1158 2331 1235 2382 sitim
1250 2334 1296 2382 lib.

206 2407 403 2455 Temenum.
415 2412 453 2456 12.
468 2416 496 2456 et
507 2420 546 2457 rx.
557 2412 598 2457 11.
610 2409 730 2457 Nunnius.
770 2421 855 2455 xviri.
872 2407 948 2470 ‘lpse
963 2408 1067 2455 lrirmern
1087 2415 1191 2456 exertus
1208 2408 1296 2469 gentili

208 2480 327 2529 Pmssissi
352 2483 465 2532 carminis
488 2483 580 2546 nactur]
604 2484 729 2533 Carminis
770 2479 1001 2544 moreparentmn.'
1027 2483 1150 2531 Eaertum
1163 2482 1294 2545 itaqnead

208 2558 303 2620 maguti,
316 2558 408 2619 prolixi
418 2558 457 2606 rel
468 2558 541 2607 editi.
770 2565 857 2618 togam
867 2555 987 2615 refertur,
995 2564 1153 2619 extraquaru
1164 2557 1294 2605 brachium

238 2638 272 2682 tu
287 2635 317 2682 Ia
334 2634 419 2696 nubis,
436 2634 489 2696 isa]
506 2634 648 2697 Septimum
665 2648 731 2694 pre·
771 2631 866 2678 nudunr
877 2642 934 2677 cnm
946 2629 1051 2677 humero
1062 2630 1221 2678 exurebatur.
1244 2632 1297 2680 Cur

208 2718 310 2772 ceptum
320 2711 352 2758 ad
364 2711 533 2758 elocutionem
541 2709 689 2771 pertinens:
703 2717 732 2758 ut
772 2712 856 2751 tutem
868 2703 905 2751 ila
917 2703 1025 2764 01111θεί
1039 2702 1200 2766 1110θᾶ11111,
1211 2719 1241 2752 et
1254 2719 1294 2752 11-

208 2784 350 2848 prudenter
375 2799 405 2833 ae
434 2784 577 2833 verecunde
602 2783 732 2847 fingantur
772 2775 904 2826 tiotffrrri
923 2777 1096 2841 potest,quod
1113 2792 1170 2826 cum
1191 2780 1296 2828 Romani

209 2858 334 2908 vocabula
345 2873 424 2909 nora:
444 2860 486 2908 nbi
497 2860 570 2908 sirrnrl
583 2870 670 2910 mouet
681 2876 732 2924 qus
772 2854 939 2916 antiquissimi
952 2854 1031 2902 solam
1051 2863 1133 2916 togam
1144 2854 1199 2902 sina
1212 2856 1297 2905 tunica

206 2935 304 2984 ratione
321 2934 446 2998 ejusmodi
461 2936 538 2983 rerba
549 2936 730 2986 authoritatem
771 2938 911 2996 gestarem,
930 2929 1060 2992 Cethegus
1081 2930 1217 2998 severioris
1235 2930 1296 2980 vitre

208 3012 324 3062 obtinere
337 3013 443 3076 possim.
477 3014 568 3063 Licere
585 3021 671 3063 antem
685 3016 731 3064 stt·
771 3023 801 3057 sc
813 3009 906 3070 entius,
918 3008 944 3055 m
955 3006 1060 3070 antiquo
1071 3006 1158 3055 habitu
1177 3020 1297 3069 perseve-

208 3089 308 3152 qnando
318 3088 392 3137 verba
403 3103 469 3137 nora
478 3087 567 3137 iacere
580 3089 673 3151 probat
685 3103 729 3139 ex·
771 3099 851 3146 resse,
862 3097 973 3147 euntque
984 3097 1081 3132 morem
1090 3092 1206 3146 posteros
1223 3098 1297 3133 aecn-

206 3165 297 3226 emplir
316 3171 439 3221 veterum,
456 3164 553 3224 Plauti,
576 3165 659 3223 Ennii,
679 3168 728 3215 dcc.
770 3170 811 3211 tos
822 3176 887 3210 esse.
919 3160 1031 3209 Turneh.
1046 3172 1085 3208 rx.
1103 3163 1143 3208 11.
1159 3167 1186 3208 et
1198 3172 1259 3208 xrx.
1270 3164 1296 3208 9.

207 3239 310 3288 Summa
326 3246 374 3297 est,
393 3238 506 3286 allicuit
526 3238 665 3298 veteribus,
685 3255 731 3290 cnr
771 3247 798 3284 et
812 3241 849 3285 lu.
868 3237 965 3284 ferror.
986 3236 1106 3283 cinctutis
1116 3249 1161 3283 stoa
1172 3236 1296 3299 exauditu]

208 3326 260 3360 nou
281 3313 359 3360 etiam
390 3309 597 3359 recentioribus?
631 3314 731 3363 Deinde
772 3311 910 3368 Cinctutis,
922 3310 1060 3371 procinetia
1074 3317 1100 3357 et
1114 3311 1216 3358 armatis
1228 3312 1298 3368 viris,

208 3386 405 3435 mutabilitatem
418 3386 596 3434 vocabulorum
609 3386 733 3438 describit
772 3396 818 3444 uer
830 3384 996 3445 Epentbesin.
1026 3384 1148 3448 Cethegis]
1165 3386 1298 3435 Vocabula

210 3462 324 3510 adbibita
344 3461 508 3510 similitudine
527 3460 643 3511 foliorum
655 3464 680 3511 in
693 3480 731 3512 ar·
773 3457 904 3518 incognita
927 3458 1067 3513 teleribbti
1085 3462 1165 3522 qualit
1185 3471 1242 3510 etat
1260 3464 1297 3511 M·

209 3539 322 3588 boribus.
367 3538 400 3585 Et
422 3536 648 3598 digressiuncnism
670 3537 732 3588 iacit
773 3532 873 3580 Comei·
896 3531 1033 3592 Cethegus,
1054 3547 1130 3595 quem
1148 3536 1299 3584 M.'l'ullina

208 3618 233 3663 in
246 3612 347 3662 lotidem
361 3613 479 3674 Angttrti,
496 3614 539 3676 qni
558 3613 638 3676 ipsam
658 3629 733 3677 pene
772 3608 798 3657 in
808 3607 889 3655 Bruto
898 3609 981 3668 posuit
991 3607 1058 3655 inter
1070 3608 1166 3669 priscos
1175 3618 1297 3659 oratores.

209 3705 291 3738 rerum
317 3696 432 3737 naturam
451 3687 595 3737 artificiosis
611 3691 733 3752 operibus
806 3687 834 3732 ut
856 3682 994 3743 Continget,
1011 3681 1065 3743 lm]
1089 3683 1192 3731 Licebit
1213 3684 1297 3731 serbis

209 3769 319 3815 inritavit
332 3766 431 3814 inmari
450 3781 480 3815 uc
498 3767 584 3815 Tiberi
603 3770 672 3817 varie
688 3769 734 3819 du.
774 3761 810 3808 uti
821 3757 966 3807 recentibus
979 3758 1000 3805 si
1012 3756 1090 3806 suerit
1103 3772 1217 3807 necesse.
1246 3760 1297 3808 Pa·

210 3842 306 3890 cendia.
338 3843 454 3891 Tandem
466 3858 567 3892 causatu
579 3846 685 3907 exponit
701 3845 734 3893 de
773 3836 864 3898 deuter]
882 3835 1044 3893 Verecunda,
1055 3848 1112 3882 cum
1126 3832 1231 3895 pudore.

210 3919 381 3967 mutabilitate
394 3919 537 3968 verborum.
555 3920 677 3984 serendis]
687 3923 734 3970 Fa·
805 3917 837 3961 ⁵²
854 3909 1146 3973 Hssifbtniverdufldm]
1157 3911 1244 3962 Verba
1253 3928 1297 3962 no·

210 3994 318 4052 ciendis,
337 3993 514 4044 contexendis.
548 3995 700 4057 hletaphors
719 4011 734 4045 s
774 4003 805 4038 ra
821 3988 996 4052 probabuntur
1013 3997 1040 4036 et
1059 3987 1238 4038 authoritatem
1254 3991 1298 4039 oh·

209 4071 347 4118 seminibnr
358 4085 415 4133 qne
426 4071 451 4117 in
461 4085 522 4130 agro
532 4077 659 4119 seruntur.
676 4071 733 4118 Pia·
773 4064 901 4114 tinebunt.
935 4063 963 4112 δι’
981 4062 1253 4128 Grecosortccudunl]
1269 4065 1297 4112 Si

211 4149 284 4192 calor.
319 4147 411 4209 Tenuis,
428 4145 481 4209 bn]
502 4147 598 4195 Parcus
610 4147 637 4193 in
649 4147 733 4195 serbis
772 4156 788 4191 e
808 4141 902 4191 Graeca
921 4140 1008 4201 lingua
1030 4139 1155 4198 derivata,
1177 4140 1298 4188 deainanr

213 4220 343 4269 novandis.
773 4226 801 4267 et
817 4224 910 4265 exeant
929 4216 953 4263 iu
972 4229 1057 4264 caium
1075 4229 1119 4263 seu
1136 4213 1211 4262 uuam
1227 4213 1298 4266 lati·

244 4299 276 4345 47
287 4294 387 4345 Dixeris
394 4295 498 4358 egregie]
509 4296 573 4353 Cum
585 4297 653 4347 lente
663 4298 732 4346 diae·
773 4306 841 4342 num.
