3022 5062
435 472 591 522 nouauit
620 476 667 523 DE
692 474 791 522 aaut
816 472 972 522 Pontica
999 477 1068 524 bili.
1209 458 1294 526 1835

205 619 311 663 conetur
323 612 348 660 in
360 610 435 660 alium
453 610 552 660 elrenm
568 610 677 674 ingredi,
688 610 731 661 ubi
803 615 834 660 75
856 612 966 663 Verar'baa
976 615 1100 678 bummter
1111 613 1216 677 jeraia}
1231 617 1294 665 Car·

204 704 256 738 non
277 687 385 750 emolitae
404 694 511 736 noceret
528 688 605 750 agria.
640 688 733 735 Morte·
772 686 881 735 minibue
901 688 1036 749 Elegiacin
1058 705 1163 753 quorum
1186 693 1296 741 alterum

205 764 239 811 lia
248 761 330 824 sacta]
346 761 399 810 Pro
416 763 560 810 mortalium
578 762 648 812 facta
665 762 732 825 peri·
771 772 812 813 eet
827 765 1022 825 Hexametruur,
1035 768 1142 815 alterum
1159 767 1298 817 Pentanre·

120 836 123 841 '
206 837 280 886 bunt.
314 836 468 900 Hypallage.
486 837 605 886 Piscator.
769 848 849 890 trum.
882 841 1045 903 Qverinmiu]
1063 841 1115 889 Rae
1126 841 1216 890 tristia.

238 916 271 962 ⁶⁹
288 913 327 961 Ne
337 913 392 961 datu
407 912 552 974 cumcurm]
569 914 672 964 Quanto
686 912 732 961 rni-
804 921 836 965 76
853 917 912 966 Part
923 917 995 965 etium
1004 916 1093 963 iaelvau
1103 914 1150 976 eat]
1167 916 1234 964 Nam
1245 917 1296 979 pri·

127 1049 129 1055 ,
208 1001 255 1036 uua
269 987 348 1037 verba
364 988 416 1037 rint
437 990 604 1051 aempiterna.
641 989 731 1053 Vinea]
772 1005 840 1040 muru
857 999 941 1040 rnetrn
961 991 1146 1053 elegiacum
1165 989 1251 1038 triatae
1267 999 1297 1040 et

207 1062 340 1125 Perpetua
351 1062 486 1111 verborum
499 1072 628 1113 venustae.
773 1066 905 1128 lugubren
923 1073 981 1129 port
1000 1066 1078 1115 etiarn
1096 1065 1165 1114 letae
1184 1071 1212 1112 et
1228 1078 1298 1126 prov·

238 1142 271 1188 70
287 1139 367 1186 Multa
387 1143 537 1204 reroaceutvr
556 1137 620 1201 qva]
646 1139 733 1187 Multa
773 1156 843 1204 perne
870 1149 1006 1205 ceperunt
1030 1139 1151 1190 describi.
1179 1140 1299 1190 Narniae.

208 1213 333 1262 vocabule
343 1212 510 1276 reviviscent,
521 1221 549 1262 et
560 1214 585 1262 in
599 1214 732 1276 priatinum
777 1217 833 1266 Voti
848 1217 976 1280 malado]
996 1217 1047 1265 Rea
1061 1217 1139 1277 laetae,
1149 1229 1207 1280 quer
1227 1214 1299 1263 nobie

207 1296 303 1337 elatum
316 1287 447 1336 redibunt·
772 1293 893 1342 exanimi
905 1293 1032 1342 sententia
1043 1291 1176 1340 eueniunt.

237 1368 267 1412 ⁷1
287 1363 620 1428 Qvaauucaaatialrouore]
638 1365 734 1414 Osten-
805 1373 836 1418 77
856 1371 965 1431 Exiguae
985 1371 1061 1426 elegos
1081 1368 1185 1418 iuuerit
1206 1367 1299 1430 mooe]
1337 1405 1342 1413 .

207 1439 388 1488 ditverborum
398 1440 616 1503 etiamquarndaur
629 1454 685 1489 erae
698 1439 734 1488 vi·
773 1445 868 1507 Elegea
880 1454 979 1505 tenues,
988 1445 1032 1508 qui
1049 1451 1102 1493 tem
1119 1443 1220 1493 sublimi
1233 1444 1301 1509 atylo

206 1513 393 1563 cieaitndineur.
426 1513 456 1563 Si
467 1516 526 1562 nolet
538 1516 604 1579 veae]
621 1515 734 1565 carretae·
773 1535 823 1570 non
834 1520 1011 1570 conficiuntur.

208 1588 270 1639 tudo
287 1591 394 1638 multum
412 1596 507 1651 puteat,
524 1604 614 1653 magua
631 1591 685 1654 ejua
697 1591 734 1639 vie
805 1600 838 1645 78
854 1596 993 1656 Sabjadiee
1012 1595 1043 1644 lie
1061 1593 1108 1656 eat]
1124 1594 1168 1643 Lia
1188 1594 1299 1647 nondum

208 1673 236 1714 et
254 1673 380 1727 polentae,
399 1664 454 1713 eine
475 1678 523 1727 qua
539 1666 618 1714 verba
639 1665 734 1714 coufin·
774 1668 908 1720 finitaeat.

209 1754 271 1802 gere
287 1752 447 1803 nequequam
467 1738 536 1790 licet.
569 1739 640 1788 Hine
656 1738 686 1787 fit
706 1747 736 1788 ut
806 1748 839 1795 79
854 1739 1020 1794 Arelito'elrtue
1031 1744 1125 1808 proprio
1135 1744 1211 1795 mlier
1223 1759 1302 1792 arm·

209 1813 288 1861 rerba
301 1826 377 1874 nova,
390 1812 437 1860 nial
449 1813 474 1860 in
486 1827 530 1861 nau
544 1824 674 1873 maneant,
685 1827 737 1861 eor·
775 1820 810 1869 vit
824 1820 914 1884 lembo]
933 1821 1077 1870 lamborum
1095 1821 1301 1869 maledicentiam

210 1887 334 1944 d0⁸0⁸¹¹lt
349 1894 439 1936 0071178
459 1887 573 1937 obtolett
592 1902 641 1937 non
666 1887 736 1951 print
778 1893 875 1942 invenit
895 1895 1040 1957 primusque
1060 1895 1194 1956 usurpavit
1212 1893 1302 1942 oreli-

210 1963 384 2021 ⁰bwle⁸t²ui‚
394 1975 467 2025 quem
484 1963 656 2024 negligantur,
666 1970 693 2011 et
710 1963 735 2010 ln
775 1968 874 2029 locbua,
885 1969 957 2031 crrjaa
975 1977 1036 2018 nota
1050 1969 1230 2030 amarulentie,
1242 1983 1301 2017 cunr

210 2052 257 2085 nsu
279 2052 334 2086 erae
354 2037 482 2086 desinant.
516 2038 636 2087 Narniae.
673 2039 736 2086 Uare
775 2055 893 2090 aucarum
905 2043 1093 2105 Lycambeoed
1106 2044 1223 2108 laqueum
1241 2043 1302 2092 ade·

211 2112 286 2167 Qveru
296 2112 376 2175 muer]
392 2112 525 2176 Loquendi
536 2112 704 2163 consuetudo.
776 2116 824 2178 git.
857 2116 931 2166 Adeo
953 2118 1059 2168 mordax
1077 2125 1105 2168 et
1125 2117 1241 2167 rebidnrn
1261 2126 1302 2167 eet

241 2193 274 2237 ⁷2
293 2191 368 2244 Qvenr
383 2188 600 2252 peaeembe'triavr]
617 2189 735 2253 lnerrjua
775 2191 916 2241 iambicum
941 2207 1054 2242 carmen.
1092 2193 1162 2243 ilinc
1188 2191 1303 2254 ineditam

210 2271 341 2328 potestate
362 2272 403 2313 ert
419 2265 544 2327 judicium
565 2272 593 2314 et
612 2274 736 2327 poteatuv,
776 2283 823 2330 pro
834 2269 969 2317 maledicere
981 2277 1007 2318 et
1023 2269 1208 2332 mordereapud
1226 2269 1301 2317 Gre-

210 2349 239 2390 et
254 2355 343 2390 norma
359 2341 489 2404 loquendi.
522 2341 557 2388 Et
566 2340 621 2402 jae]
638 2341 736 2402 Xylan·
776 2357 819 2390 cna
831 2344 950 2403 numitor,
957 2345 1095 2407 elluaitqne
1105 2358 1136 2393 eo
1143 2343 1235 2407 Pnita,
1244 2359 1303 2393 cunr

211 2413 399 2476 derlegendurn
408 2427 462 2462 eree
472 2413 605 2462 contendit
614 2414 666 2462 aia:
677 2414 738 2475 qnle
776 2414 843 2463 dixit
853 2419 860 2444 ‘
871 2416 956 2465 rabiee
972 2415 1097 2476 armavit:
1107 2424 1191 2466 runata
1202 2431 1218 2465 a
1232 2417 1303 2466 cani·

210 2486 277 2549 juria
295 2487 393 2536 notatio
411 2485 442 2536 fir
461 2487 487 2536 in
502 2487 627 2536 vocabulo
641 2487 738 2536 arbirii
777 2489 823 2538 bue
840 2491 987 2540 tralatione.
1003 2490 1115 2539 Turneb.
1134 2493 1225 2539 ruat.
1237 2500 1265 2538 et
1277 2504 1305 2540 v.

213 2563 395 2626 precedente3
411 2569 439 2611 et
451 2562 511 2627 quie
527 2569 623 2625 praeter
636 2562 690 2625 jur,
701 2562 737 2608 vi·
776 2565 800 2610 8.
826 2565 946 2612 Narniae.
978 2562 1080 2623 Propria
1100 2562 1191 2622 lenm]
1213 2559 1303 2610 lambo

213 2638 282 2686 ribus
299 2637 448 2701 qnoqueeit
465 2651 538 2699 oque.
572 2635 620 2684 Cui
637 2643 739 2683 aeuteu·
776 2650 835 2685 nae
855 2637 967 2685 invento.
998 2636 1122 2698 Armenii]
1140 2634 1259 2684 Armavit
1277 2637 1303 2684 in

212 2713 256 2761 tiae
275 2710 356 2772 favet,
372 2711 440 2773 quod
458 2711 509 2758 dici
526 2710 602 2770 uolet,
619 2723 681 2758 naue
698 2716 739 2757 eat
778 2710 924 2771 Lycamben
935 2722 1049 2757 aocerunr
1061 2709 1154 2771 atejue
1168 2706 1254 2756 filiam.

212 2792 344 2848 tyrannus.
365 2785 484 2833 Piscator.
556 2790 562 2802 '
762 2829 766 2837 ,
809 2788 842 2832 80
859 2784 930 2832 Harae
947 2783 1007 2832 raeci
1026 2796 1106 2845 cepere
1124 2782 1216 2845 pedem]
1236 2781 1305 2832 Secti

245 2865 276 2909 77
292 2859 522 2921 Reageatoeregvar]
537 2857 739 2920 Octavnmproe-
778 2860 945 2910 calceamenti
961 2857 1052 2922 kenne,
1062 2873 1113 2923 quo
1131 2865 1231 2907 acturae
1248 2867 1304 2908 nte·

213 2943 336 3000 ceptum:
354 2937 412 2987 Quo
428 2948 523 2998 genere
534 2932 654 2982 carmiuia
666 2947 740 2995 argu·
778 2933 887 2983 bantur:
905 2934 963 2986 binc
980 2947 1026 2997 pro
1043 2934 1098 2997 ipra
1116 2932 1304 2983 Comoediaac-

212 3019 326 3060 ruentum
354 3009 473 3074 quodque
502 3007 665 3057 tractandum
692 3007 735 3056 ait.
778 3013 882 3075 cipitur.
901 3013 1018 3060 Narniae.
1051 3010 1303 3073 Hurrerocee'eepore1

212 3087 390 3136 Conmemorat
398 3093 486 3134 autem
495 3083 634 3132 carminum
643 3096 737 3144 genera
778 3086 830 3149 aa]
846 3086 924 3135 Hanc
943 3101 1042 3136 verannr
1062 3085 1205 3135 iambicam
1224 3087 1304 3136 aduri·

212 3169 334 3224 quatuor:
348 3157 737 3220 Hernicumffltegncummem-
778 3172 867 3211 rerrrnt
878 3162 1017 3212 comaediae
1029 3171 1056 3212 et
1070 3162 1221 3225 Tragoediae.
1243 3163 1305 3213 Soc·

212 3238 297 3287 bienni
308 3246 335 3287 et
350 3238 480 3299 Lyricum.
514 3235 536 3282 E
555 3235 645 3296 quibua
662 3237 737 3297 primi
780 3240 818 3287 cia
834 3238 958 3294 Comoedi.
977 3239 1108 3286 cothurnis
1125 3239 1244 3300 Tragredi
1264 3239 1304 3287 nal

214 3323 346 3363 auctorem
366 3313 429 3362 iacit
450 3312 607 3361 Homerum:
632 3312 739 3362 recondi
778 3320 847 3361 arant.
881 3313 1034 3374 Gmndeeqae
1052 3312 1169 3374 coliem]
1188 3313 1304 3361 Callani

215 3388 341 3438 incertum
371 3389 496 3450 aliquem:
531 3387 602 3436 tertii
625 3387 740 3438 Archilo-
779 3395 839 3436 errat
848 3388 930 3436 calcei
947 3387 1061 3447 altiorea,
1071 3388 1171 3451 utrique
1189 3388 1244 3448 apti
1260 3401 1304 3450 pe.

215 3463 306 3511 chum:
324 3463 409 3526 quarti
421 3475 482 3510 vero
493 3470 620 3513 auctorem
640 3478 689 3513 non
701 3472 739 3514 et.
779 3462 817 3522 di,
833 3475 896 3525 quoe
919 3460 1059 3509 induebant
1082 3469 1182 3509 actorea
1203 3462 1304 3524 Tragici

216 3539 302 3599 tingit.
336 3539 453 3586 Piacutor.
779 3538 847 3587 inter
875 3536 1011 3599 agendum,
1037 3537 1226 3598 capiunturqne
1255 3550 1303 3598 pru
1367 3541 1369 3547 ’

245 3619 278 3664 74
296 3614 542 3679 Quereridipoeaeui]
557 3615 671 3663 Primum
683 3615 739 3678 qui·
779 3613 840 3677 ipris
856 3612 1007 3674 Trngoediia.
1042 3610 1150 3658 Grnudea
1168 3618 1303 3670 vocantur,

217 3691 274 3741 dem
293 3691 400 3740 carmini
417 3691 539 3751 Hernico,
550 3692 626 3755 quale
644 3691 741 3739 Home·
779 3697 832 3738 tnrn
850 3689 910 3752 quia
926 3688 1105 3748 attinentem
1121 3685 1181 3750 qnia
1196 3685 1303 3746 Tragur-

215 3780 259 3814 roe
278 3764 441 3827 conacriprit,
461 3764 539 3815 docet
560 3780 601 3814 rra
618 3765 740 3814 anbliruee
778 3765 821 3813 dia
840 3758 896 3827 ipra
915 3761 1090 3826 grandiloque,
1105 3761 1130 3809 in
1150 3774 1226 3822 quam
1244 3774 1303 3822 prn-

214 3842 361 3891 conveuire.
392 3842 514 3891 Continet
527 3856 585 3891 vero
600 3842 739 3891 Hernicum
779 3838 860 3888 deuut
874 3845 984 3903 regeret
1001 3851 1115 3901 perenne
1132 3835 1305 3896 sublimiorea,

214 3933 256 3968 rea
274 3926 360 3982 gerrae
381 3917 503 3978 llernnm,
515 3917 618 3967 Ducum
635 3917 701 3966 bella
712 3913 740 3966 et'
779 3923 807 3962 et
819 3930 876 3978 que
888 3914 1017 3963 contineat
1032 3921 1133 3962 etrocee
1144 3920 1173 3961 et
1183 3909 1303 3963 funebree

215 3992 293 4043 iortia
310 3992 435 4048 facinora,
455 3993 542 4056 qualia
562 3999 623 4039 eunt
643 3991 740 4054 Ajacia,
780 3991 968 4039 rernmoxitna.
985 3989 1104 4038 Narniae.

214 4069 332 4127 Achillia,
368 4067 502 4127 Hectoris,
533 4070 584 4116 irc.
628 4066 741 4114 Vocatur
812 4068 842 4112 at
859 4064 967 4115 Alternia
981 4069 1061 4127 uptam
1071 4065 1224 4127 amonitae]
1242 4064 1302 4113 ldn·

216 4143 295 4191 etiam
312 4146 363 4191 κατ’
383 4144 468 4206 ἐξοχὴν
489 4139 637 4205 ‘Epicnnu'
671 4141 740 4188 Nau-
781 4140 1103 4204 neuurmutuircolloquiie.
1137 4139 1302 4189 Telieinco·

216 4217 280 4264 nina.
314 4218 366 4272 Qvo
386 4219 469 4282 acribr]
497 4217 595 4270 Quibua
622 4216 740 4279 pedibna‚
780 4215 882 4264 rnoediia
896 4224 922 4264 et
938 4216 1079 4279 Tragrediia
1095 4226 1197 4275 remper
1213 4224 1301 4259 occur·

215 4302 267 4353 quo
275 4291 393 4341 ceruicis
401 4290 741 4356 genere,acilicetlieroico·
781 4298 850 4350 runt,
861 4298 890 4338 nt
900 4291 1016 4339 nimirum
1030 4290 1088 4338 duaa
1100 4286 1140 4338 rel
1152 4295 1204 4334 trev
1216 4297 1302 4347 perau-
