3030 5048
314 439 401 512 1696
663 460 773 511 storo
796 451 1058 515 vantoooufru

315 578 462 662 vocantes
471 598 563 664 frigida
578 607 606 650 et
618 601 722 651 humida
735 601 836 652 cerebri
873 604 992 667 &nitique
999 605 1081 668 prope]
1095 602 1393 654 Secundum'stoiobraas

313 674 468 738 intemperie
483 674 637 738 procedens,
648 690 663 724 a
676 677 772 725 Latinis
783 676 837 726 iere
874 676 974 738 dogma.

311 755 419 799 netem
429 751 590 812 appellator:
604 751 707 800 morbus
719 753 786 801 iners
798 759 838 801 ut·
907 756 939 800 ⁸8
956 752 1056 815 Siquid
1074 753 1202 802 Stertinius
1216 754 1277 817 serr]
1292 754 1318 802 Si
1333 754 1393 817 quiri

312 838 363 888 qus
383 825 500 888 ignaros,
521 832 549 873 et
567 824 652 875 ferreo
670 827 790 890 quodam,
810 835 839 876 ut
875 829 929 876 reri
947 829 1060 892 loquitor
1077 828 1213 877 Stertinius
1230 828 1397 892 Philosophus

312 899 549 964 itodieam,somoo
559 902 665 951 miseros
676 906 836 967 opprimeosr
874 904 984 952 Stoicus.
1021 904 1101 966 Ustls]
1117 904 1142 953 Α
1154 919 1213 968 quo.

312 975 404 1038 virgil.
419 975 516 1038 Georg.
526 988 545 1024 ι.
561 976 569 1004 ‘
581 978 637 1026 Nec
649 986 752 1040 torpere
763 979 836 1039 gravi
903 981 936 1026 u
955 979 1077 1041 stupore]
1096 981 1135 1027 Ex
1147 994 1178 1028 eo
1186 988 1315 1048 tempore.

312 1063 406 1114 passos
422 1065 468 1100 sus
485 1065 564 1114 regna
581 1050 702 1100 veterno?
734 1052 776 1100 Fit
790 1064 833 1098 ao·
903 1056 934 1100 to
952 1051 1087 1114 Sapientem
1102 1067 1197 1115 passm
1214 1053 1321 1116 wion]
1337 1051 1398 1102 Plri-

312 1135 366 1177 tern
378 1127 513 1191 aliquando
529 1127 684 1175 medicorum
695 1127 834 1189 imperitia,
870 1123 1025 1186 iosopbiesm
1037 1124 1144 1173 barbam
1161 1127 1259 1174 nntrlre
1270 1127 1303 1175 ad
1317 1126 1397 1177 umbi·

311 1211 343 1252 nt
360 1201 488 1251 contraria
507 1200 639 1249 contrariis
663 1200 760 1248 mederi
776 1212 832 1249 sese
869 1198 946 1247 lieom
954 1212 1044 1261 usque,
1052 1206 1097 1246 aut
1105 1199 1137 1247 ad
1146 1199 1239 1260 pubem
1249 1198 1397 1250 demissam.

310 1278 370 1340 rati,
381 1277 428 1325 nisi
440 1276 581 1324 motionem
593 1274 832 1335 adhibeant‚direr·
870 1273 945 1337 [Vnt.
960 1273 1047 1323 Palat.
1061 1278 1085 1322 ⁸.
1102 1288 1162 1324 am.
1180 1290 1219 1338 pr.
1230 1289 1332 1325 erstem
1343 1276 1398 1325 br·

310 1366 365 1402 soor
384 1351 485 1414 penitus
504 1349 618 1398 morbum
639 1348 770 1410 efficiaot3
792 1358 832 1400 ot·
869 1347 943 1410 tam]
1382 1392 1383 1395 ,

309 1433 373 1490 pota
391 1425 413 1473 sl
434 1425 525 1487 pituita
545 1425 571 1473 in
591 1424 715 1486 bilem,in
731 1424 831 1476 febrem
902 1427 934 1471 id
957 1422 1077 1485 Fabricio]
1107 1424 1166 1473 Duo
1188 1424 1286 1488 antiqui
1308 1426 1393 1486 operis

307 1500 380 1565 (qam
399 1500 501 1562 ppwiru
517 1498 609 1549 Graece
626 1498 732 1564 dieltrrr)
748 1510 832 1551 reter-
870 1504 970 1560 pontes,
988 1498 1088 1547 Cestios
1106 1506 1133 1547 et
1148 1499 1288 1560 Fabricius,
1304 1507 1394 1550 nostra

309 1589 358 1625 uos
379 1583 551 1625 convertatur.
586 1575 643 1625 Hoc
661 1576 741 1639 igitur
760 1584 833 1626 notat
869 1570 953 1621 adbuc
969 1580 1046 1622 etate
1064 1583 1223 1638 permanent,
1240 1583 1268 1624 et
1287 1575 1393 1624 insolam

308 1650 352 1701 bio
370 1650 504 1712 Horatius,
518 1666 575 1701 corn
593 1652 761 1716 lethargicum
776 1651 834 1702 fleri
869 1646 1016 1696 Tiberium
1028 1648 1225 1712 ripejooguot:
1242 1650 1393 1712 quinetiam

309 1725 421 1789 pugilem
441 1733 469 1775 et
492 1741 583 1790 urgere
605 1727 732 1777 medicum
752 1727 833 1776 dicit:
871 1723 896 1771 itt
917 1723 1036 1772 Fabricio
1055 1724 1150 1787 legitur
1166 1724 1222 1774 ltaec
1242 1725 1392 1787 inscriptio:

308 1799 357 1850 boe
371 1800 439 1849 eoim
456 1801 612 1864 phreneticis
629 1805 778 1868 plerumque
791 1817 834 1852 ae·
871 1810 894 1859 ι,
912 1811 1055 1849 ιιιιιιιοιιι
1074 1812 1098 1848 c.
1115 1813 1139 1849 r.
1154 1811 1317 1848 racsruovrs
1329 1812 1394 1848 cos·

307 1873 384 1936 cidit,
395 1873 551 1925 inflammato
567 1877 667 1926 cerebri
679 1877 834 1939 membrana,
871 1885 966 1924 uvir.
984 1886 1011 1926 o.
1026 1885 1141 1923 nsrsors
1159 1887 1190 1922 rr·
1203 1887 1227 1923 r.
1237 1886 1268 1923 rs.
1283 1885 1393 1923 morsus

307 1951 457 2000 utooirceri
468 1960 606 2015 nequeant,
618 1954 678 2015 quio
690 1953 834 2002 immaniter
870 1962 902 1997 tr·
924 1961 949 1997 r.
969 1961 1023 1997 eos.
1046 1959 1261 1997 raossvrrrtvrtr.
1289 1949 1393 1997 Torrent.

307 2025 378 2086 ipsos
400 2027 531 2088 precipue
548 2026 660 2074 medicos
683 2025 831 2086 aggredian-
868 2023 948 2072 Poste
965 2025 1063 2086 reuerti]
1084 2023 1159 2073 Unde
1179 2025 1348 2085 Damasippus
1365 2037 1393 2072 se

305 2103 358 2157 tor,
370 2106 405 2155 et,
415 2104 444 2144 ut
455 2098 554 2160 pugiles
565 2098 656 2158 solent,
667 2098 757 2159 pogolr
769 2111 829 2145 one·
868 2097 1031 2158 praecipitare
1040 2098 1129 2150 voluit.
1138 2095 1316 2147 damoidolore
1325 2111 1394 2146 uon·

305 2179 374 2221 rent.
393 2172 501 2219 roms.
544 2171 576 2218 Ut
596 2172 651 2218 tium
660 2171 695 2233 fit
712 2171 789 2231 pugil,
805 2177 829 2220 ct
867 2175 958 2216 motos.

303 2247 418 2295 nedictus
427 2244 508 2306 turget]
526 2245 591 2293 Dum
603 2245 728 2301 medicum
738 2245 828 2306 pugnis
896 2245 928 2289 ii
945 2243 1012 2290 Male
1021 2242 1136 2304 regesta]
1152 2244 1191 2292 lie
1202 2242 1321 2293 familiari
1334 2259 1391 2295 mea

305 2318 382 2370 offleii
394 2320 432 2368 sni
444 2325 537 2368 monet.
554 2315 580 2366 ir
589 2317 626 2366 bul
637 2319 707 2367 dunis.
731 2318 828 2382 iaspide
864 2325 1025 2379 consumpta.
1044 2318 1134 2379 Operis
1144 2319 1187 2366 Me
1196 2320 1286 2382 cupite]
1299 2319 1390 2368 Multis

305 2407 368 2457 ergo
384 2395 462 2445 telem
480 2394 593 2456 pugilem
615 2393 769 2456 depreeatur
789 2406 828 2441 se-
864 2387 1218 2454 deoarrsrisorpntrelabaut
1229 2394 1326 2457 antiqui
1335 2409 1343 2455 ς
1356 2394 1390 2443 ob

305 2471 555 2534 quentibnsz‘Du
563 2468 664 2531 nequid
673 2468 829 2527 similelmic,
865 2464 971 2523 luctum,
991 2467 1018 2514 io
1037 2465 1142 2527 fooere3
1159 2470 1193 2516 nb
1212 2468 1345 2531 pudorem,
1364 2469 1390 2518 ia

304 2553 373 2606 esto,
384 2553 414 2594 ot
428 2544 517 2593 lubet!
551 2544 631 2592 Putat
647 2545 713 2591 eninr
730 2556 776 2590 sua
793 2543 829 2591 irr-
866 2539 971 2601 nuptiis,
982 2555 997 2588 a
1008 2540 1126 2588 nubendo
1137 2541 1215 2590 dictis
1225 2557 1232 2600 ς
1244 2542 1277 2591 ob
1287 2543 1389 2602 religio·

211 2625 214 2631 '
305 2627 416 2683 terasso,
432 2630 460 2668 nt
478 2633 552 2684 qnam
569 2618 716 2681 longissime
734 2618 766 2665 ab
782 2617 829 2665 hac
867 2627 934 2675 nem,
946 2615 972 2662 io
984 2629 1011 2663 re
1026 2616 1111 2662 dirius
1121 2614 1249 2679 facienda,
1260 2617 1390 2679 sacrisque
1471 2627 1478 2644 ⁸

304 2696 480 2746 munificentia
492 2695 569 2744 obsit.
588 2693 676 2742 Hsiss.
704 2691 830 2752 Lethargi-
868 2690 1074 2749 precationibus;
1086 2691 1146 2738 item
1156 2706 1213 2740 curn
1223 2693 1279 2755 quis
1291 2707 1318 2739 se
1331 2693 1390 2741 Diis

304 2771 617 2833 wsbuwtveternosus.
652 2765 832 2828 Pugilliirmra
868 2764 984 2813 menibus
996 2764 1151 2825 devovisset,
1162 2767 1200 2815 nti
1216 2768 1276 2816 olim
1293 2768 1388 2816 Deeiit

304 2838 336 2886 ut
348 2843 521 2900 phreneticus.
557 2842 644 2901 Urget]
660 2843 695 2889 Et
706 2842 832 2891 medicum
869 2838 914 2886 ted
924 2847 950 2886 et
963 2840 988 2886 io
1000 2840 1132 2901 suppliciis
1143 2841 1251 2900 publicis
1261 2842 1391 2903 plectendi

307 2913 437 2958 verberat.
867 2913 1075 2973 olmubeboutur,
1089 2915 1128 2962 sel
1141 2916 1281 2964 honestatis
1294 2931 1391 2971 caussa,

308 3002 314 3009 ·
337 2986 367 3030 81
386 2984 491 3032 Damus
502 2983 569 3045 quid]
584 2983 670 3032 verbs
684 2992 743 3031 suot
759 2985 830 3033 lessi·
868 2986 908 3032 vel
930 2988 1167 3048 commiserationis,
1185 3003 1216 3036 ne
1241 2989 1390 3038 interfecto·

306 3057 399 3104 tissimi
422 3057 522 3108 Poiitre.
543 3056 608 3103 male
630 3058 781 3119 metuentia,
798 3073 830 3107 ne
864 3070 907 3105 res
924 3073 982 3108 arros
1006 3077 1122 3124 aspicere
1143 3071 1302 3123 cogerentur.
1328 3063 1389 3110 Nou

304 3131 479 3194 Damasippus
491 3138 518 3179 et
530 3131 585 3192 lpse
600 3131 639 3179 sio
655 3132 724 3193 pugil
736 3131 830 3181 evade·
866 3139 963 3182 temere
979 3136 1059 3199 igitur
1074 3146 1101 3186 et
1124 3138 1292 3199 Demasippus
1307 3145 1388 3199 capot

304 3216 353 3258 ret.
388 3208 423 3258 At
442 3209 494 3270 ille,
509 3217 659 3272 retorquens
676 3208 830 3270 dicturo,ait
865 3212 977 3270 operuit.
1005 3213 1148 3261 Torrentius.
1193 3213 1279 3274 Opsrto
1299 3211 1387 3274 εαριιι]

306 3284 389 3347 ipsum
400 3285 480 3343 illum,
490 3300 505 3332 a
515 3275 564 3346 quo
573 3281 723 3345 s'rtggillstos
734 3281 829 3344 iuerat,
866 3283 976 3333 Pudoris
989 3301 1087 3336 caussa.

304 3358 424 3407 inssuire.
448 3360 506 3408 Vid.
518 3358 631 3408 Turneb.
642 3361 740 3406 ru.1⁰.
761 3358 829 3407 Torr.
897 3364 928 3408 88
946 3361 1040 3410 Dexter
1057 3362 1135 3424 sinii]
1158 3364 1294 3426 Tamquam
1315 3362 1387 3411 Deus

304 3433 371 3482 uum
390 3450 417 3483 sc
434 3436 491 3497 quid
509 3435 584 3483 simiis
600 3433 665 3496 duic]
686 3432 828 3482 Dummodo
864 3448 896 3481 ert
908 3435 1148 3500 improvisoaoxilio
1160 3436 1217 3485 fult.
1245 3436 1317 3499 Virg.
1330 3437 1386 3486 AEo.

300 3523 337 3558 ue
349 3511 408 3573 quid
420 3508 498 3560 facias
512 3512 570 3560 boio
586 3508 732 3573 phrenetico
746 3508 827 3558 simile
863 3522 926 3558 vrtr.
936 3512 944 3536 ⁸
955 3512 989 3559 Et
1004 3525 1049 3560 uos
1066 3521 1092 3561 et
1106 3522 1150 3560 tua
1162 3512 1254 3562 dexter
1266 3511 1307 3561 sdi
1320 3512 1386 3574 pede

304 3585 400 3650 (inquit
414 3577 518 3651 Horat.)
529 3594 583 3636 esto
596 3586 700 3635 insanos
715 3585 736 3632 si
750 3586 827 3634 voles.
863 3598 936 3634 sacra
947 3586 1074 3635 secundo!
1091 3588 1254 3636 Contrarium
1266 3586 1386 3636 ‘lrevuss'

307 3662 330 3710 0
341 3660 408 3724 bose]
424 3663 547 3726 Loquitur
560 3661 740 3723 Damasippus.
863 3664 871 3692 ‘
882 3663 908 3711 Si
919 3679 993 3728 quem
1004 3667 1113 3714 Numina
1124 3667 1189 3714 isera
1200 3664 1304 3714 sinunt!
1319 3665 1386 3713 Torr.

335 3727 368 3784 ἐξ
379 3735 516 3798 Frustrere]
529 3735 690 3795 Nedeoipias
701 3742 736 3781 te.
759 3732 826 3782 Stul-
863 3737 1043 3800 Dexterrtetr't]
1060 3739 1152 3788 Astitit
1171 3741 1232 3789 milri
1249 3741 1386 3789 Stertinius

302 3809 367 3871 tique
383 3826 455 3874 prope
469 3809 558 3871 essm]
575 3808 662 3858 Dictio
677 3805 748 3870 propr
764 3810 825 3857 nihil
861 3811 1016 3861 fortunatus.
1032 3813 1104 3873 [Vat.
1115 3815 1188 3862 Rom.
1202 3818 1241 3863 lo.
1251 3812 1355 3874 dextro]

302 3881 344 3930 lrlo
366 3884 502 3932 sententiae
521 3882 651 3931 detrabit:
674 3882 825 3943 simpliciter
894 3890 926 3936 su
941 3888 1024 3934 Pudor
1033 3889 1113 3950 urget]
1131 3888 1222 3936 Malim
1230 3890 1307 3948 rugit,
1317 3895 1346 3934 ut
1358 3888 1384 3935 io
1462 3888 1465 3897 ⁴

296 3956 369 4007 onim
382 3960 548 4019 pronuntiant
557 3957 635 4006 Stoici
649 3960 657 3986 ⁸
669 3959 761 4007 stultos
773 3974 824 4007 om·
860 3970 958 4025 septem
976 3965 1165 4026 exemplaribus
1182 3964 1306 4025 seriptum
1324 3976 1383 4025 rep·

301 4045 347 4081 nes
364 4032 492 4081 insanire.'
522 4033 610 4081 Simile
623 4032 686 4080 illud
704 4046 723 4081 1.
734 4034 787 4082 Sst.
799 4039 823 4083 3.
861 4040 1048 4102 periremus.
1080 4041 1161 4088 Maius
1171 4038 1253 4099 argei]
1270 4039 1383 4089 vitiosos

300 4107 398 4159 ‘eneis
417 4105 487 4167 paris
504 4120 560 4154 esse
577 4105 631 4155 fere
652 4107 749 4169 placuit
765 4123 822 4172 pec·
861 4114 951 4177 potior.

301 4189 361 4230 cata
369 4181 385 4242 ς’
396 4194 453 4229 nato
465 4180 544 4230 Stoici
555 4182 705 4245 simpliciter
715 4182 823 4234 affirma·
892 4190 934 4253 [ll
953 4189 1012 4237 Vat.
1026 4193 1048 4237 1.
1060 4190 1116 4238 Vat.
1128 4189 1201 4236 liorn.
1211 4193 1251 4240 lu.
1264 4189 1324 4240 Vri.
1334 4183 1384 4241 Pass

295 4259 366 4311 -bsot
384 4268 492 4324 peccms
508 4274 564 4311 esss
579 4263 696 4325 equilis.
716 4263 824 4313 ibrrsst.
858 4264 937 4318 lats.
949 4277 1064 4315 cnseo.
1076 4264 1244 4316 Barberio.l.
1254 4266 1383 4317 aliioodd.
