3022 5062
319 483 405 551 1758
665 499 771 549 norm
795 499 996 557 vrnronurr
1023 501 1061 548 ru

320 630 378 704 quie
397 638 429 687 ad
448 638 573 688 lectorum
596 637 675 701 pedes
697 638 843 699 collocata;
882 639 939 689 uro.
963 639 1165 689 laudatissimum
1189 641 1215 689 iu
1242 639 1403 704 Carthaginis

320 712 432 763 orosam
450 728 467 761 a
485 712 585 763 onor
605 713 783 775 appellantur:
800 727 850 761 ea·
882 713 1024 776 Spartano
1032 714 1145 771 nemrim
1154 714 1221 779 qaod
1230 715 1351 764 sociorum
1358 730 1403 777 ap-

319 790 378 840 dem
399 788 481 838 farma
502 789 615 850 radone,
635 788 663 837 ni
685 785 771 849 fallor,
793 803 845 852 qua
883 787 1012 849 pellatur:
1044 787 1093 838 Sed
1107 787 1407 851 et‘aplryra'pisciculi,

318 865 440 914 nobilium
451 863 535 927 paeri,
544 863 571 913 in
582 870 688 927 aspectu
700 871 844 928 parentum,
884 863 969 926 quiex
981 864 1058 911 marin
1071 878 1163 926 spuma
1174 864 1347 912 incalescente
1358 865 1407 910 ori·

318 940 424 1003 propria
440 946 468 988 et
486 939 605 1001 parciore
622 952 709 988 mensa
719 939 752 987 ad
763 937 845 988 fulcra
883 944 970 992 untur,
991 938 1058 986 uude
1074 949 1102 987 at
1122 952 1214 987 nomen
1231 937 1325 986 habent
1342 945 1405 986 tarn-

319 1014 457 1075 lectorum,
473 1014 527 1062 aire
543 1013 594 1063 imo
613 1015 690 1074 lecto,
707 1012 843 1061 vesceban-
883 1024 958 1073 quant
975 1011 1064 1073 ἀφυεῖς,
1075 1013 1134 1060 lruic
1147 1013 1275 1076 liquamiui
1287 1013 1405 1061 conseni-

320 1096 371 1137 tur.
390 1089 500 1137 Torrent.
533 1085 593 1147 Irni]
609 1088 731 1136 Conviva
746 1087 788 1150 qui
799 1100 842 1134 ac·
882 1093 937 1145 unt,
957 1087 1095 1148 plurerqne
1117 1088 1178 1135 alii:
1196 1088 1319 1150 ‘thynni'
1336 1103 1404 1136 ruax-

319 1163 473 1213 eurnbebaut
493 1163 520 1211 iu
541 1163 597 1211 inlr
619 1162 741 1211 lectorum
762 1161 841 1225 parti·
880 1158 941 1218 ime,
958 1159 1002 1206 sed
1023 1160 1108 1221 pusilli
1128 1160 1221 1220 adlruc,
1239 1162 1348 1210 dirersis
1360 1178 1405 1227 ap·

319 1237 377 1286 bus.
881 1232 971 1295 pellati
982 1232 1142 1291 nominihus;
1159 1242 1273 1281 ceterum
1294 1231 1404 1284 ornuiurrr

350 1316 381 1360 41
400 1307 702 1371 causamentum]
719 1308 840 1357 Consiua
881 1308 991 1371 optimos
1023 1307 1176 1367 ‘scomber,'
1203 1322 1277 1371 quern
1306 1310 1405 1371 pirccm

318 1384 396 1433 electi
407 1390 435 1432 et
450 1383 637 1444 honoratiores,
647 1383 673 1432 ld
685 1391 736 1444 ert,
744 1384 841 1435 Muce-
881 1382 997 1432 ‘Iberum
1008 1381 1015 1404 ’
1028 1383 1140 1432 nominat
1151 1383 1284 1444 Horatius,
1295 1384 1363 1446 quod
1376 1385 1402 1433 lu

317 1472 373 1515 nna,
389 1458 493 1520 Varius,
510 1460 559 1509 dec.
574 1473 591 1506 a
607 1462 780 1522 temperantia
791 1476 842 1511 uon
883 1458 1005 1521 Hispania
1016 1457 1046 1504 sd
1059 1471 1150 1506 noram
1158 1457 1402 1521 Carthaginemire-

318 1533 484 1583 recedebant.
880 1546 975 1597 queus;
993 1533 1081 1581 innuite
1094 1535 1172 1581 etiam
1181 1548 1231 1583 uon
1241 1535 1328 1596 procui
1341 1533 1401 1581 iude

303 1635 307 1644 ·
351 1608 527 1671 salumn]
544 1610 576 1659 lu
587 1610 700 1673 jusculu-
882 1609 970 1671 posita
989 1607 1187 1657 ‘Scombraria’
1204 1621 1295 1656 nomen
1312 1606 1401 1655 dedit:

350 1689 383 1734 48
395 1685 446 1734 Sal
455 1684 640 1748 eumue]
650 1685 707 1736 Hoc
715 1687 770 1749 ip„
778 1693 842 1737 rem.
880 1689 969 1731 anctor
980 1683 1083 1732 Strabo.
1096 1685 1202 1732 Torrent.
1238 1683 1304 1731 Goro
1314 1684 1343 1730 de
1353 1697 1405 1729 snc-

319 1771 383 1822 pora
391 1758 547 1808 Nasidienus
558 1760 667 1809 convivii
680 1760 796 1811 dominor
806 1762 844 1811 in·
879 1758 926 1819 cis]
936 1759 1034 1807 Garum
1044 1765 1083 1806 eat
1094 1772 1174 1820 genus
1186 1759 1274 1806 morin
1282 1772 1314 1806 ex
1323 1772 1404 1806 sconi-

319 1834 385 1898 quit,
395 1835 447 1881 dre.
883 1834 934 1882 bris
942 1833 1099 1882 confectum.

350 1913 382 1957 44
400 1908 679 1978 Deteriorputpnrtrnr
693 1911 844 1970 mersatur·
913 1913 944 1957 47
964 1909 1032 1957 Citro
1043 1908 1183 1970 merloto]
1212 1908 1277 1957 Dnrn
1288 1909 1405 1972 coquitur

318 1983 359 2045 ro]
377 1983 443 2032 Vide
459 1984 592 2047 exemplar
607 1985 670 2032 Mas.
686 1985 711 2033 lu
729 1999 779 2048 quo
796 2000 843 2048 pro
877 1984 1008 2045 jusculum
1022 1985 1080 2032 rino
1092 1983 1194 2032 Italico.

312 2057 409 2116 futuro,
431 2057 564 2118 legebatur
584 2059 669 2105 miste.
688 2080 692 2087 ¹
712 2058 777 2106 Sunt
798 2060 841 2120 qul
912 2059 945 2102 48
959 2057 1030 2102 Cocto
1043 2056 1139 2119 Cllinrn]
1153 2055 1210 2104 Juri
1227 2065 1300 2104 cocto
1319 2055 1404 2104 vinum

275 2129 285 2137 ”
316 2131 472 2176 ‘murenam
480 2127 488 2149 '
497 2142 548 2176 uon
559 2129 690 2190 gravidam
700 2127 759 2176 ideo
768 2129 839 2176 dete·
881 2128 969 2175 Cnimu
981 2137 1021 2175 est
1033 2130 1202 2187 aptissimum.

317 2204 411 2251 riorem
429 2201 589 2261 eslrtinraut,
609 2202 677 2263 quod
691 2203 762 2250 coire
781 2215 838 2251 cum
911 2204 943 2248 ⁵0
963 2201 1236 2263 QeodMetlyrnnoesrn]
1261 2202 1335 2251 Quod
1358 2218 1403 2251 suo

317 2273 624 2339 serpentibuscredatnrr
642 2273 688 2323 sed
705 2275 755 2324 hoc
772 2274 839 2338 peri·
879 2288 954 2322 acore
975 2281 1128 2336 corruperat
1149 2275 1234 2321 riuum
1256 2273 1352 2341 lactum
1377 2277 1402 2323 in

316 2349 401 2399 colum
422 2348 508 2411 potins
529 2345 638 2404 adferat,
658 2362 734 2412 quam
753 2349 839 2410 tepori
879 2348 1030 2410 Methymna
1050 2348 1126 2396 Lesbi
1144 2348 1248 2410 oppido.
1283 2350 1403 2415 Methym-

317 2424 413 2488 allqnid
422 2424 549 2473 devehat.
564 2424 664 2473 Plinius
671 2423 762 2474 scribit
771 2427 840 2473 ‘mm
879 2438 955 2470 nuens
964 2422 1023 2471 cilio
1034 2429 1164 2471 mutnuernt
1174 2424 1253 2486 noum]
1271 2426 1363 2473 Plures
1374 2428 1404 2473 li-

317 2497 427 2548 rnnam'
444 2511 601 2562 quocumque
612 2504 728 2561 tempore
740 2512 841 2563 parere,
881 2497 920 2546 bri
937 2499 1072 2547 nntooerit.
1113 2499 1198 2560 Supra
1214 2499 1269 2548 Sat.
1289 2512 1319 2547 rr.
1343 2500 1404 2548 ‘Ac

317 2589 376 2624 omn
385 2573 466 2623 ceteri
479 2574 763 2636 piscerstatopariant.
782 2575 840 2622 lirr-
881 2574 928 2622 uisi
951 2580 1075 2622 mutatum
1097 2574 1182 2635 parcit
1203 2572 1345 2622 defundere
1370 2576 1405 2621 vi·

317 2656 378 2700 mi.
413 2651 469 2698 Post
489 2647 596 2711 portum]
612 2649 734 2697 Deterior
755 2647 840 2699 future
879 2649 956 2696 num!
989 2650 1041 2696 Pro
1050 2648 1106 2694 vino
1114 2647 1168 2709 jum
1177 2654 1273 2695 mutato
1282 2662 1355 2709 paene
1365 2656 1404 2696 at·

319 2729 341 2775 ai
351 2736 428 2791 capta
439 2738 508 2777 esset
520 2735 653 2791 postquam
665 2728 817 2790 peperisset.
880 2736 929 2785 quc
942 2722 1024 2770 acido.
1042 2722 1149 2769 Torrrut.

350 2806 382 2849 ⁴⁵
395 2804 444 2850 His
455 2801 657 2863 mistamjrrrert]
673 2802 776 2864 Squillis
793 2801 840 2850 sci·
913 2801 944 2844 ⁵1
965 2797 1055 2843 Emcur
1072 2794 1182 2855 riridcis]
1194 2796 1303 2842 Erucam
1316 2801 1404 2842 aulem

319 2877 395 2923 licet:
408 2891 560 2936 quamquam
570 2879 696 2924 incertum
704 2887 784 2927 estun
794 2891 843 2924 uua
882 2872 944 2920 satis
960 2872 1077 2919 omuibus
1097 2873 1234 2932 cognitam,
1249 2884 1333 2933 neque
1349 2884 1406 2930 grn-

318 2945 460 3006 eademque
488 2947 513 2991 ln
538 2948 627 3006 patina
649 2960 761 2995 mnraena
783 2963 841 2996 cum
882 2954 934 2994 tam
955 2947 1053 3007 palato,
1068 2958 1151 3006 neque
1171 2946 1300 2993 stomacho
1316 2944 1404 2990 utilern

317 3018 416 3082 squillis
428 3017 546 3077 apposita
557 3016 644 3078 fuerit,
655 3030 778 3065 maccus.
794 3021 840 3067 Se·
881 3032 935 3065 erre
947 3028 1060 3079 constat,
1072 3019 1149 3080 capiti
1159 3019 1236 3065 etiarn
1246 3030 1353 3064 excerso
1361 3032 1404 3064 ca·

317 3093 405 3157 quitur
416 3097 500 3138 autem
507 3090 573 3151 juris
584 3088 749 3151 description
767 3092 840 3139 Nasi-
880 3094 940 3140 loris
952 3095 1065 3152 noxiam,
1077 3091 1218 3154 prasertim
1231 3091 1251 3136 ri
1271 3089 1324 3137 solu
1342 3089 1402 3136 eda-

317 3166 393 3215 dieno
411 3164 565 3225 excogitata,
581 3163 792 3225 quemadmodum
813 3173 840 3213 et
881 3175 937 3214 tur:
957 3167 1065 3230 ideoque
1084 3167 1196 3215 lactucas
1216 3163 1346 3211 addebant
1359 3176 1401 3209 ve·

318 3241 454 3303 Catinsjus
466 3253 537 3288 suunt
555 3247 615 3287 aute
627 3238 771 3303 descripsit,
782 3240 838 3289 Sat.
880 3248 959 3302 teres,
973 3251 1000 3290 ut
1021 3241 1097 3289 Plinii
1107 3247 1133 3287 et
1145 3238 1237 3286 Galeui
1249 3236 1402 3285 testimoniis

317 3329 354 3365 rr.
373 3315 482 3362 Torreat.
515 3313 667 3361 Hismistrun
677 3314 730 3376 jar]
749 3315 788 3361 Ex
801 3315 838 3362 lris
877 3316 1049 3376 cognovimus.
1081 3314 1154 3362 idem
1173 3311 1253 3361 ferme
1273 3311 1306 3360 dc
1326 3312 1402 3366 isnin,

313 3391 359 3453 jus
371 3398 411 3438 est
423 3397 602 3450 temperatum,
615 3402 708 3450 nempe
719 3389 786 3448 oleo,
797 3404 840 3450 ga·
878 3405 954 3451 quarn
976 3405 1043 3438 nuuc
1065 3389 1157 3438 enrrimn
1177 3388 1294 3447 dicimur,
1314 3386 1401 3434 Graeci

318 3479 356 3519 ro.
374 3464 432 3513 vino
448 3464 615 3526 quinquenni,
633 3464 722 3526 pipere
738 3464 796 3511 albo
813 3472 840 3511 et
877 3465 974 3526 ἐλένιον,
993 3469 1091 3513 Plinius
1113 3453 1175 3515 xrxJ
1191 3473 1215 3513 ⁵.
1236 3480 1293 3513 nam
1306 3472 1403 3525 praeter

318 3545 401 3588 aceto.
430 3540 498 3595 Quod
506 3541 583 3600 primo
599 3538 708 3601 Venafri]
721 3539 796 3590 Quod
807 3552 839 3587 ex
878 3540 1065 3599 austeritatem,
1090 3540 1123 3586 ob
1140 3552 1213 3602 quam
1232 3538 1322 3585 Horat.
1341 3537 1401 3583 alibi

318 3614 392 3663 olisia
404 3611 556 3662 Venafranis
568 3613 675 3676 primum
688 3621 840 3677 esterprer·
875 3612 995 3672 ‘acidam'
1015 3614 1056 3661 hic
1070 3628 1164 3661 stauros
1183 3621 1259 3661 vocat
1272 3613 1364 3669 iuniore
1373 3617 1402 3657 ut

319 3703 384 3737 sum.
878 3687 999 3736 ‘tristes’
1016 3688 1168 3748 Columella,
1187 3689 1224 3736 alt
1240 3687 1336 3735 etiarn¹
1350 3693 1401 3732 sto·

349 3768 381 3813 46
402 3765 467 3813 Gom
483 3765 513 3812 de
530 3765 604 3811 meis
617 3764 689 3827 piscis
705 3765 781 3828 iberi]
799 3767 838 3813 lle
877 3763 965 3811 macho
982 3761 1124 3810 inimicarn'
1144 3777 1218 3810 esse:
1236 3760 1349 3825 pluribus
1365 3768 1403 3807 ta-

265 3894 269 3901 ,
319 3849 381 3895 garo
393 3840 430 3886 ric
438 3839 537 3886 Plinius
549 3843 661 3887 xxxa?-
669 3848 696 3888 et
706 3845 730 3887 8.
745 3838 837 3889 ‘Aliud
877 3851 936 3887 men
952 3835 1032 3885 modia
1049 3837 1194 3892 mitescere,
1204 3845 1231 3885 et
1243 3836 1351 3898 gratiam
1364 3835 1402 3880 in-

318 3907 424 3967 liquoris
435 3910 555 3971 exquisiti
564 3924 653 3972 genus,
668 3913 736 3974 quod
748 3926 837 3974 garum
879 3912 972 3961 venire.
1006 3912 1071 3961 Qum
1098 3926 1155 3960 oum
1179 3912 1216 3960 ita
1238 3912 1298 3964 sint,
1318 3916 1400 3955 artem

318 3982 838 4044 vocavere;intestinispiscium,ceteris·
878 3986 968 4036 lrerbar
998 3985 1076 4034 hasce
1107 3984 1257 4050 iucoqneudi
1279 3994 1307 4027 se
1329 3993 1400 4026 mou·

317 4066 367 4116 que
384 4066 441 4112 qun
458 4053 602 4113 abjicienda
612 4064 707 4112 essent,
719 4058 771 4106 sale
786 4075 838 4108 ma·
877 4069 970 4109 errasse
982 4058 1089 4109 affirmat
1098 4061 1268 4110 Nasidienus:
1286 4067 1336 4101 non
1350 4067 1402 4102 una

319 4125 421 4184 ceratio,
432 4126 504 4172 utrit
520 4127 564 4173 illu
583 4132 785 4190 putrescentium
803 4149 839 4184 aa·
878 4142 907 4184 ut
922 4144 1109 4198 coquerentur,
1127 4133 1200 4197 (quid
1221 4129 1288 4177 enirn
1311 4128 1401 4178 absur-

318 4201 389 4249 nies:
406 4197 465 4245 olim
487 4198 588 4259 quidem
609 4213 642 4247 err
661 4196 742 4264 pisce,
763 4220 838 4267 quern
878 4208 960 4269 dinei)
977 4210 1023 4257 sed
1040 4210 1078 4258 vel
1094 4207 1192 4267 injure
1206 4203 1401 4267 illo,cujurde-

319 4277 405 4327 ssraci
416 4287 494 4339 garon
506 4275 721 4334 coronarentur
732 4295 747 4329 e
760 4295 839 4331 room-
878 4283 1041 4346 scriptionem
1052 4288 1110 4330 aute
1120 4277 1238 4342 tradidit,
1250 4282 1290 4328 rel
1302 4282 1328 4329 in
1348 4294 1402 4328 mn·
