3022 5062
313 424 399 494 1³83
663 440 771 489 uuum
795 438 992 488 vuarouuu
1018 439 1057 488 ut

315 583 376 632 llam
387 581 421 630 ab
429 580 545 632 Heriodo
553 586 694 629 mutuatum
705 593 774 629 erre:
786 577 839 627 'Pte
876 582 926 626 tum
937 576 1061 640 Guelplr]

248 679 252 688 ·
312 655 412 718 ptr-sip
422 652 838 720 flpdeapiodlflpdorruxuadxru.
907 655 1051 702 throeaerrr
1068 654 1104 701 nel
1123 651 1178 706 imo,
1197 654 1251 716 dm]
1273 653 1332 703 Hoc
1350 661 1400 714 eat,

319 730 448 780 Voletime
464 729 572 790 muru]
592 731 662 779 Deua
682 731 735 777 elta
752 734 839 790 puteat
876 729 974 777 ‘Valet
986 728 1035 776 ima
1044 727 1147 775 summit
1160 727 1278 783 mutare,'
1290 733 1340 777 dre.
1367 731 1401 778 Et

312 805 418 854 humilia
440 805 559 866 reddere,
580 805 735 867 humiliaque
755 805 780 850 iu
802 803 838 850 al·
876 800 961 850 facete
970 802 1078 863 AEropua
1087 801 1334 866 iuterrogatnr‚quid
1343 818 1402 864 age-

314 888 369 931 tnm
382 875 511 931 attollere.
876 884 916 923 ret
925 875 1039 937 Jupiter,
1052 875 1203 937 reapondit:
1221 875 1257 923 ut
1270 874 1314 935 plu
1324 876 1402 938 ὑψηλὰ

346 960 377 1006 rt
394 956 522 1019 Attenuat]
538 957 609 1005 Deut
621 955 742 1004 obscurat
754 962 782 1003 el
793 953 838 1002 de·
874 953 988 1010 emovi,
1004 950 1035 998 τὰ
1052 948 1078 998 δὲ
1093 951 1192 999 ταπεινὰ
1209 951 1271 1012 tuot,
1287 950 1336 1001 hoc
1353 961 1402 1012 ext,

314 1029 403 1092 priorlt
414 1032 594 1079 excellentem.
874 1028 965 1074 excelsu
971 1026 1091 1088 deprimit,
1099 1026 1199 1074 iamdiu
1206 1027 1309 1076 extollit.
1327 1027 1402 1075 Unde

346 1108 377 1153 rt
395 1103 511 1167 Obicitur]
543 1104 608 1154 Quae
630 1117 679 1152 nou
701 1111 838 1167 apparent,
875 1099 1039 1149 manifestum
1060 1107 1107 1159 ert,
1129 1100 1189 1149 nitu
1206 1116 1263 1149 esre
1285 1101 1311 1149 id
1333 1101 1400 1164 quod

314 1180 440 1242 aperient.
474 1177 541 1227 Hire
555 1177 655 1240 apicem]
671 1177 713 1226 Ao
728 1180 776 1226 lroe
793 1177 837 1225 lto·
877 1176 981 1224 Fortuna
993 1176 1096 1235 dicitur,
1108 1175 1153 1223 red
1165 1176 1252 1224 diviua
1263 1177 1402 1238 prouiden-

313 1255 381 1302 mine
392 1253 536 1316 apicem,id
551 1263 600 1312 eet,
611 1254 782 1301 ruurmitotem
794 1267 838 1315 po·
876 1249 912 1297 tia
931 1258 1024 1299 cuncta
1045 1250 1155 1312 diaponl.
1192 1250 1299 1312 Optime
1321 1252 1400 1299 etiarn

313 1328 415 1378 tentatie
426 1327 511 1377 aufert
527 1329 649 1387 Fortuna,
661 1328 685 1375 id
702 1336 754 1391 eat,
766 1328 838 1377 Deua
875 1325 1010 1375 luvenalis
1029 1325 1075 1384 ait,
1092 1325 1146 1373 Sat.
1165 1338 1196 1374 x.·
1209 1326 1217 1352 ‘
1232 1325 1336 1374 Nullum
1353 1339 1400 1373 no-

311 1404 354 1451 ltie
366 1403 478 1465 poetrlare
497 1402 601 1464 gaudet,
618 1403 643 1450 id
657 1410 706 1457 ert,
722 1403 747 1450 iu
760 1404 837 1452 ellum
876 1414 934 1449 men
946 1402 1033 1461 liabeo,
1044 1401 1065 1449 ri
1078 1402 1111 1450 ait
1125 1401 1277 1463 prudentia:
1295 1401 1340 1448 red
1352 1413 1399 1449 nor

311 1486 409 1542 operet
416 1480 525 1527 honoret
534 1476 668 1526 transfert.
685 1476 838 1526 PoitoFor·
875 1476 913 1523 Te
925 1475 1033 1524 iacimus
1051 1476 1164 1524 Fortuna
1180 1476 1398 1537 Deam,eaeloqoe

313 1563 412 1615 tunam,
423 1562 450 1604 et
468 1557 550 1604 Deum
565 1568 611 1615 pro
627 1554 716 1603 eoderu
733 1555 776 1602 otc
793 1569 837 1617 po·
875 1549 1004 1599 locamur!
1026 1549 1138 1598 Perinde
1150 1563 1180 1597 ec
1192 1550 1212 1597 ai
1224 1548 1333 1609 diceret,
1344 1563 1400 1597 uox·

311 1642 375 1679 nere
392 1628 503 1679 ridetur.
536 1630 585 1677 Vel
602 1631 687 1692 potius
700 1631 837 1679 Fortunam
876 1631 917 1672 tra
926 1625 1073 1673 temeritate
1081 1631 1108 1672 et
1116 1624 1287 1672 inconstantia
1297 1621 1361 1679 fieri,
1370 1630 1399 1671 ut

311 1704 366 1754 Del
384 1705 524 1753 ululatum
538 1710 621 1759 vocat,
631 1704 837 1768 quandoquidem
876 1697 1001 1754 Fortuna,
1012 1711 1070 1760 qute
1085 1711 1131 1759 per
1145 1712 1172 1745 ae
1188 1699 1248 1746 uilril
1261 1704 1310 1758 ert,
1321 1697 1398 1745 etiam

313 1780 391 1842 paulo
411 1787 472 1829 ante
492 1780 574 1843 iprum
597 1780 682 1828 Deum
706 1788 838 1828 auctorem
875 1772 901 1820 in
916 1773 1028 1821 Deorum
1046 1785 1153 1820 numero
1164 1774 1314 1820 collocetur.
1341 1772 1400 1819 Tor·

311 1853 385 1904 fecit.
413 1855 508 1919 [Codd.
530 1869 571 1919 ap.
591 1854 687 1911 Jaeok,
708 1855 755 1909 tle,
776 1854 839 1915 liae,
875 1853 938 1896 rent.
980 1845 1104 1908 Proerma]
1132 1847 1240 1909 Potens,
1263 1858 1291 1895 et
1313 1852 1400 1908 parata

311 1929 375 1990 tric,
390 1930 444 1990 luc,
458 1931 562 1991 apicem:
579 1935 606 1976 et
622 1943 681 1977 mox
697 1928 785 1977 eimilir
797 1941 838 1977 va·
875 1925 1001 1974 hominem
1014 1925 1047 1973 de
1065 1925 1115 1973 ima
1132 1925 1207 1987 plebe
1224 1925 1249 1971 iu
1266 1924 1346 1972 altuur
1363 1919 1400 1969 ei·

312 2002 388 2050 rlatlo
399 2003 424 2049 ln
436 2003 525 2050 llrderu
537 2001 628 2063 codd]
875 1997 953 2047 ferre.

345 2079 374 2122 lo
394 2075 453 2121 Crux
472 2075 574 2122 rtrt'dore
592 2072 672 2132 acuto]
694 2073 784 2121 Malim
794 2073 838 2120 hie
906 2075 922 2118 4
944 2072 1050 2132 Vertere]
1068 2071 1171 2118 Mutare
1181 2071 1207 2117 in
1219 2068 1305 2117 eredes
1317 2077 1344 2115 et
1359 2067 1400 2115 su·

310 2147 435 2196 rtrr'dorerx
448 2160 493 2208 pro
504 2139 588 2193 sonitu
600 2145 734 2207 migrxutlr
746 2148 838 2194 Fortu·
874 2156 943 2190 nera.

311 2237 351 2271 nn*
373 2221 549 2283 interpreteri,
567 2234 642 2282 quam
665 2234 711 2281 pro
733 2219 795 2269 fletu
810 2228 838 2269 et
905 2222 920 2263 5
939 2216 1032 2279 Aurbil]
1049 2217 1087 2265 Te
1100 2225 1183 2278 rogat.

311 2297 452 2359 ejulatione
468 2293 837 2356 eorum,equiburmigrave-
906 2291 1000 2352 [Ruris.
1031 2293 1133 2351 colonus,
1157 2298 1181 2342 te
1206 2293 1331 2356 domiuum,
1357 2298 1399 2357 ξι.

311 2372 355 2434 rit,
367 2379 396 2420 nt
408 2371 564 2432 interpreter
577 2371 720 2417 voluerunt.
743 2369 780 2416 De
790 2370 836 2418 liae
873 2363 952 2413 Wolf.
965 2380 1007 2427 xp.
1019 2366 1126 2427 Jaeolr]

311 2460 372 2494 vero
386 2459 468 2493 rerum
483 2443 658 2492 viciaritudine
674 2443 754 2491 multa
771 2459 837 2506 prae·
905 2444 920 2487 'l
938 2440 1086 2503 Quicunque]
1104 2443 1194 2490 Omnia
1212 2450 1237 2490 te
1256 2451 1340 2505 rogat,
1355 2446 1397 2506 qui

310 2522 380 2570 clere
396 2522 496 2569 Seneca
511 2521 624 2582 Tiryeate
645 2528 761 2568 extremo
774 2520 835 2571 Act.
873 2511 985 2573 helmst,
996 2515 1022 2563 ld
1036 2524 1087 2575 0⁸¹2
1098 2517 1140 2579 11¹¹]
1153 2516 1267 2577 ”alitilia
1279 2525 1306 2563 θῐ
1322 2520 1398 2565 ῐθῐῑήῡ

310 2609 353 2644 ru.
367 2596 474 2643 Torrent-
490 2594 598 2642 Stridore
605 2592 685 2654 oculo]
697 2595 761 2642 Cum
771 2602 836 2644 stre.
872 2587 983 2648 impellit
994 2590 1099 2652 pelagus
1110 2592 1276 2652 Carpatlriuiu
1285 2591 1398 2652 Bithyna

310 2670 366 2732 pitu
378 2671 504 2718 luctuoso.
874 2666 1031 2728 cortinaque
1049 2680 1146 2715 merces
1164 2683 1194 2714 ea
1212 2668 1333 2729 Bithynia
1349 2668 1400 2717 fer·

311 2745 375 2792 One
388 2757 474 2791 xxxv.
491 2741 657 2802 npooeuarrutt.
678 2742 721 2791 An
731 2743 837 2793 Fortun·
873 2748 971 2789 rentur.
992 2742 1152 2804 [Quaecunque
1162 2742 1338 2791 Sclroeuborn.
1348 2743 1387 2804 a]

343 2829 414 2863 uxor.
448 2815 834 2871 Obsecrateam‚1uCaeaarem
904 2817 1256 2877 9Dueua]Genrlrellicoeo
1268 2817 1398 2879 juxtala-

343 2889 514 2936 coureruetiu
527 2889 664 2936 Britanuor
676 2890 781 2941 iturum.
873 2897 940 2939 trum
951 2889 1171 2952 flituiumdegena.
1206 2893 1319 2955 Profugi]
1338 2895 1398 2954 Scy·
1447 2943 1452 2950 ,

343 2962 427 3010 Placet
448 2961 570 3010 Tonantio
589 2964 675 3012 oetuxti
695 2966 781 3015 codicia
801 2969 837 3015 ix·
873 2965 960 3013 thuein
974 2967 1095 3028 plaustris
1110 2974 1228 3030 tanquam
1245 2969 1270 3014 in
1283 2967 1398 3015 domitur

309 3036 421 3098 roriptr'o:
437 3037 477 3085 Ad
491 3037 617 3087 Portunum
631 3055 682 3101 que
695 3042 765 3091 Antii
778 3045 836 3091 eoli-
872 3039 1025 3102 habiteutee,
1044 3049 1141 3089 certem
1163 3043 1250 3090 eedem
1273 3055 1396 3104 nusquam

310 3118 358 3160 tur.
388 3112 566 3163 Artiumenim
584 3117 651 3166 Latii
662 3119 784 3181 oppidum
797 3120 835 3167 in.
871 3114 1006 3166 lubenter.

269 3197 272 3201 ’
310 3187 398 3250 primia
410 3187 506 3250 nobile,
517 3197 544 3238 et
555 3192 705 3240 Volscorum
717 3195 777 3241 olim
792 3207 834 3241 ea·
906 3193 936 3238 10
954 3189 1140 3252 Latiumserox]
1148 3221 1151 3226 -
1159 3190 1305 3238 Animorum
1317 3198 1396 3253 atque

309 3271 357 3327 put
376 3262 456 3327 (nunc
479 3266 623 3326 Neptunium
644 3266 750 3329 vocent)
772 3273 836 3316 tenr-
872 3266 979 3325 elatum,
997 3274 1049 3312 tum
1067 3280 1113 3327 per
1129 3279 1166 3324 ae,
1178 3272 1232 3312 tum
1245 3263 1312 3326 quod
1326 3264 1352 3310 iu
1364 3279 1396 3311 eo

310 3338 381 3400 plum
400 3338 529 3398 Fortunae,
541 3341 612 3401 cujux
625 3341 703 3389 etiam
715 3341 740 3388 iu
754 3344 835 3390 tutele
872 3339 921 3388 rita
932 3349 998 3387 erret
1009 3342 1099 3400 Rome,
1112 3347 1151 3388 tot
1162 3339 1275 3400 gentium
1286 3339 1396 3399 imperio

310 3413 502 3476 erat,itabuirre
515 3415 835 3476 traditurceleberriurum,
871 3414 991 3476 roperba.
1025 3415 1100 3463 Unde
1115 3414 1211 3464 factum
1226 3414 1354 3473 existimo,
1366 3419 1396 3462 ut

310 3489 349 3536 uti
360 3496 387 3536 et
399 3489 550 3546 Praeuerte5
563 3496 640 3551 atque
653 3497 763 3553 utroque
778 3492 834 3539 loeo
872 3489 974 3536 rublata
986 3489 1096 3551 Republ.
1109 3489 1215 3551 imperio
1228 3489 1253 3536 in
1265 3489 1338 3537 uulua
1350 3504 1396 3551 po-

309 3570 390 3611 rortea
416 3562 541 3611 historieir
569 3563 684 3612 omnibus
714 3568 833 3628 cognitae.
872 3571 990 3613 teutatem
1012 3565 1127 3624 redacto,
1147 3565 1264 3613 Ceraree
1286 3579 1396 3628 qnoque,

310 3635 379 3684 Vide
392 3637 506 3684 Macrob.
515 3636 572 3685 Sat.
584 3650 602 3684 r.
615 3641 655 3685 1⁰.
665 3647 693 3687 et
706 3652 733 3686 v·
745 3643 784 3688 lo.
872 3641 914 3703 qui
929 3654 1012 3688 rerum
1030 3641 1205 3701 potiebantur,
1215 3656 1319 3692 aureum
1335 3643 1396 3690 For·

342 3715 354 3758 l
379 3712 402 3758 0
425 3710 501 3772 Dina]
530 3712 599 3774 Lege
623 3713 713 3761 Frnuc.
736 3714 834 3763 Luirini
871 3714 1128 3762 tunaerlmulaclrrum
1147 3729 1299 3777 permanire
1317 3717 1395 3765 tradi-

309 3784 418 3847 Parerg·
430 3800 450 3834 r.
462 3791 502 3834 22.
519 3786 561 3834 ubi
579 3788 633 3836 liae
648 3787 706 3837 0de
718 3786 834 3838 declara·
871 3796 924 3837 tum
934 3789 960 3835 in
969 3788 1091 3835 interiore
1100 3789 1219 3839 eubiculo
1228 3791 1395 3849 servaverint,

310 3868 361 3909 tur.
397 3862 509 3923 ODioo]
528 3861 834 3914 OFortunaJoriarulr·
871 3877 929 3924 quae
941 3876 991 3909 una
1003 3876 1060 3910 eum
1071 3862 1184 3925 Imperio
1196 3865 1334 3914 succentori
1345 3871 1394 3910 tra·

309 3935 433 3983 ministre.
476 3935 590 3998 Gratum]
618 3936 652 3983 Et
672 3937 705 3985 ob
725 3938 833 3987 coloniae
871 3937 987 3985 debatur.
1021 3937 1178 3987 Hincetiom
1191 3938 1297 3997 t’xetum,
1309 3943 1336 3983 ut
1347 3949 1395 3996 per

309 4009 533 4069 celebritatem,et
545 4012 577 4057 ob
590 4011 679 4070 templi
690 4012 763 4060 dooir
771 4027 833 4076 opn·
871 4013 1007 4061 Fortunam
1017 4013 1124 4061 Caeaxrir
1130 4014 1273 4075 juraretur.
1288 4011 1394 4058 romunt.

310 4082 374 4131 lenti
395 4083 596 4146 amplitudinem.
638 4085 749 4148 Antium]
767 4088 832 4136 Quae
903 4091 930 4135 11
951 4086 1054 4147 Matreu]
1080 4088 1169 4136 Solent
1190 4095 1283 4134 murrea
1302 4084 1394 4131 timere

310 4155 431 4215 prerider
443 4156 522 4206 Antio
533 4157 600 4216 urbi,
612 4157 637 4204 ln
648 4172 698 4219 qur
710 4162 831 4223 templum
869 4162 967 4212 liberie.

310 4225 359 4276 tibi
378 4236 552 4278 conterretur.
576 4230 613 4291 [0
629 4229 761 4295 Diraque
775 4249 832 4295 gro·
905 4240 935 4284 12
947 4235 1078 4300 Purpurei]
1092 4236 1397 4298 Regeapurpureornati.
