3022 5062
381 452 538 501 nonsart
562 453 771 501 snanonun
797 453 870 498 mn.
895 450 935 500 ιι.
955 437 990 499 7.
1140 435 1225 499 1751

142 593 221 644 bldini
232 592 344 652 iustiora,
352 607 409 656 qua
418 593 466 641 tibi
474 592 593 654 imperat,
604 606 664 641 cou-
703 592 781 640 etiam
802 592 898 641 lictoris
915 605 1002 655 opera,
1022 591 1065 656 qui
1082 598 1190 655 accepts
1203 607 1227 640 -a

141 670 233 718 credes
244 674 281 725 te,
294 674 385 730 tuaque
397 667 491 716 omnia.
704 666 821 715 Pratore
831 666 1031 730 vindicta,qusm
1040 667 1155 731 plerique
1164 666 1226 714 ‘vir-

172 749 206 799 βε
233 741 327 802 Euusts']
359 742 469 789 Erasisti
505 741 665 803 pericnlum?
704 740 807 803 gulam,'
817 741 921 790 Persius
932 739 1172 791 etiam⁸festuoam'
1181 755 1226 790 ro·

143 817 248 879 Metam]
266 816 378 873 lrunice,
392 816 417 864 id
430 825 480 870 est,
492 830 541 863 nun
557 822 665 863 metues.
705 820 757 868 ost,
772 829 804 862 ea
824 821 903 877 eaput
921 815 988 862 servi
1009 815 1136 876 pulsabat,
1150 823 1180 864 ut
1198 817 1229 863 et'

143 893 279 953 Doctuspae
299 890 400 952 carebis]
432 892 530 939 linctus
552 891 665 952 periculo
705 887 795 938 faciem
807 904 837 938 sc
849 897 948 952 tergum
962 903 1047 938 mauu.
1078 888 1226 950 Quoiaeto,

143 973 188 1012 tuo
200 965 313 1011 cavebis.
704 978 735 1012 ac
747 965 827 1012 relato
844 965 869 1012 in
886 972 944 1013 acta
960 963 1104 1011 manumissi
1118 965 1227 1025 nomine,

174 1044 206 1088 09
224 1039 328 1093 Qaoeres.
346 1039 446 1100 guamo]
468 1037 522 1085 lmo
539 1036 664 1098 cogitabis
705 1039 769 1088 liber
785 1039 878 1099 iaetus,
893 1048 1000 1101 accepto
1016 1038 1084 1100 pileo
1100 1037 1227 1087 discessit.

143 1128 194 1175 quo
206 1121 320 1175 tempure
330 1114 377 1162 ,ilia
389 1121 415 1161 te
427 1115 517 1161 iterum
533 1112 664 1171 admittat,
707 1113 812 1163 Torreat.
848 1114 971 1177 Vindicta]
989 1114 1079 1176 Virga,
1096 1126 1146 1175 qua
1163 1125 1228 1174 prae·

143 1195 172 1236 ut
182 1203 282 1250 paveas,
293 1193 319 1235 et
331 1201 429 1249 pereas.
703 1195 744 1237 tor
754 1204 854 1238 servum
865 1191 1002 1238 liberabat.

174 1268 206 1312 70
225 1263 259 1324 0]
276 1262 435 1311 Exulamutiu
448 1263 472 1310 iu
485 1263 663 1325 indignitatem
735 1267 766 1312 77
784 1265 897 1327 impositu
916 1265 979 1312 haud
999 1261 1119 1325 mrum]
1140 1261 1227 1324 Capiti

142 1337 262 1400 libidinis,
283 1352 341 1400 quse
363 1337 438 1384 toties
458 1352 490 1384 ex
512 1338 613 1385 humine
635 1336 664 1385 li·
702 1341 796 1401 sapius
807 1341 933 1403 impositu.
958 1338 1053 1400 Priori]
1066 1336 1154 1387 Possit
1164 1337 1226 1386 libe&

142 1413 204 1460 bero
221 1427 321 1461 servum
343 1410 414 1460 t‘aeit.
439 1413 513 1474 Grau.
556 1413 665 1461 Ototies
704 1430 771 1466 rare.
1263 1471 1264 1474 Ἴ

141 1486 232 1548 seruus]
255 1486 364 1537 Quoties
385 1486 409 1534 in
431 1486 556 1536 adulterio
573 1485 664 1549 depre·
735 1496 767 1541 78
786 1493 909 1548 Qunam
920 1491 1006 1553 mar]
1023 1490 1097 1541 Quod
1111 1489 1226 1552 superior

142 1563 270 1611 henderit.
704 1565 772 1614 ribus
785 1575 891 1628 pareat.

173 1643 204 1687 77
220 1638 328 1701 Sapiens,
344 1638 397 1700 dm]
418 1638 523 1694 Cautus,
546 1637 586 1684 rel
604 1635 664 1684 milti
735 1644 768 1689 79
784 1640 840 1689 Sive
855 1639 970 1702 warine]
987 1640 1017 1688 In
1038 1638 1135 1698 mugnis
1154 1635 1225 1686 fami·
1322 1632 1325 1636 ’

141 1715 251 1776 sapiens.
295 1712 361 1762 Tolle
378 1713 501 1774 periclum]
524 1712 595 1760 Tolle
612 1725 665 1759 me·
704 1715 868 1763 liisaliialiis
885 1714 1016 1763 honestius
1031 1713 1156 1770 serviunt,
1174 1708 1227 1760 um·

143 1792 299 1847 tumpoeuae.
705 1803 750 1836 nes
769 1795 854 1836 tamen
876 1788 944 1836 servi
961 1787 1096 1835 habentur.
1128 1785 1227 1848 lepido

175 1865 206 1909 71
228 1863 294 1922 Vugu
309 1860 427 1922 prosiliet]
443 1860 570 1909 Proclivis
587 1860 617 1908 ad
631 1860 666 1908 ri·
706 1863 783 1925 igitur
795 1863 889 1920 Davus,
902 1869 1034 1926 postquam
1050 1862 1138 1909 berum
1150 1860 1227 1909 etiam

144 1937 217 1985 tium.
705 1950 776 1985 suum
806 1937 904 1985 servire
931 1937 1125 1995 demonstrarit,
1153 1943 1229 1998 rogat

56 2004 59 2009 ’
145 2016 205 2068 ,75
225 2008 666 2071 Ίὶιιιιηιὶήἐάοιιιὶιιιιι]’1“ιιιιε1οιη1·
704 2026 762 2060 eum
781 2026 831 2075 quo
852 2012 953 2060 nomine
973 2011 1022 2060 sibi
1043 2009 1227 2073 appellendus:

142 2086 302 2139 iridumiunm
312 2085 449 2143 medicis,
459 2085 501 2148 ursi
512 2085 667 2148 menequior
705 2101 737 2134 an
753 2086 928 2146 ‘conservum'
944 2093 973 2134 nt
988 2100 1016 2133 se
1033 2084 1121 2133 mutuo
1138 2086 1229 2147 appel·¹

141 2175 180 2220 es,
194 2166 224 2209 et
244 2160 372 2208 duriorem
394 2161 474 2207 servis
497 2160 666 2208 servitutem?
703 2162 757 2209 lare
775 2160 926 2209 ordiuariam
947 2166 1100 2223 praestsutrs
1121 2173 1226 2222 operam

143 2236 231 2283 Rerum
249 2234 367 2296 imperiis]
394 2234 525 2287 Pecunia,
544 2234 667 2295 libidinis,
704 2236 800 2285 solent:
814 2252 846 2286 an
858 2242 864 2264 ¹
878 2236 1000 2284 vinarius’
1011 2235 1101 2297 magis,
1111 2235 1147 2284 sio
1158 2236 1226 2284 euim

142 2311 238 2371 glorias,
249 2319 342 2369 metus,
352 2313 399 2358 dre.
703 2312 779 2360 alteri
790 2326 864 2361 servu
876 2312 972 2360 servire
984 2326 1013 2360 ae
1027 2311 1132 2359 subesse
1140 2311 1227 2373 jussus

173 2389 205 2432 76
222 2383 446 2445 Minor·]1ulerior.
480 2385 556 2439 Quem
567 2390 603 2433 ter
614 2385 666 2431 uiu-
704 2387 853 2447 vocabatur,
875 2388 951 2434 irai
969 2384 1061 2434 ainhun
1079 2382 1178 2446 ohrkrrp,
1198 2391 1228 2433 ut

142 2458 216 2520 dieta]
236 2459 328 2507 Tribus
346 2460 427 2507 modis
443 2472 528 2507 seruos
545 2474 577 2508 ex
593 2460 666 2522 juata
704 2471 776 2512 reete
798 2464 876 2511 vertit
890 2459 1058 2525 ‘Theophilus
1085 2458 1227 2510 Justinianl

142 2534 266 2582 servitute
284 2533 428 2581 manumitti
450 2534 541 2593 solere,
557 2537 564 2561 ‘
578 2548 667 2587 censu,
703 2537 896 2584 Institutionum
907 2537 1035 2595 interpres
1046 2535 1091 2582 lib.
1102 2547 1140 2581 ιν.
1169 2536 1228 2583 rof.

141 2608 265 2668 rindieta,
285 2607 458 2666 testamentu,'
480 2623 511 2655 ex
534 2609 572 2655 Μ.
589 2606 666 2655 Tullii
704 2615 768 2658 rent.
801 2607 1170 2668 Stsosrtuess‚ae.]801erts
1182 2605 1227 2655 ros

140 2684 251 2744 Topicis,
262 2684 287 2730 in
299 2696 408 2741 sumque
420 2681 512 2727 librum
525 2680 609 2726 Boiitii
620 2679 665 2725 Se·
705 2682 847 2745 disputare,
860 2691 944 2728 utrum
962 2691 1051 2727 sersus
1068 2679 1137 2725 servi
1147 2681 1181 2726 ait
1191 2677 1230 2727 di.

142 2756 222 2804 rerini
239 2753 437 2809 commentariis,
448 2752 562 2799 ominibus
579 2757 666 2798 notum
705 2754 800 2801 eendus
818 2753 937 2810 vicarius,
948 2766 979 2799 an
996 2764 1151 2810 conservus,
1171 2765 1229 2803 uum

142 2837 191 2877 est.
225 2828 275 2875 llis
287 2840 350 2887 ergo
361 2825 441 2872 modis
454 2826 554 2884 plenam
565 2824 668 2871 liberta·
707 2834 734 2875 tu
746 2828 825 2888 igitur
842 2827 902 2874 mibi
918 2825 1050 2887 imperites
1067 2831 1092 2870 st
1109 2825 1163 2872 aliis
1175 2837 1229 2873 ser·

141 2907 194 2949 tem
206 2900 418 2964 assequebantur.
443 2898 570 2946 Vindicta
582 2903 666 2946 autem
707 2904 769 2960 vias,
786 2901 824 2964 (id
842 2909 891 2960 est,
908 2901 986 2960 vitiis,
1003 2906 1031 2947 et
1047 2899 1150 2947 furiosas
1171 2900 1228 2949 libl-

143 2976 209 3023 rstio
228 2974 268 3022 rel
285 2973 418 3036 praecipua
440 2981 506 3032 erat,
524 2987 539 3020 a
556 2971 665 3021 Vindice
705 2976 770 3039 diui)
791 2977 866 3040 quid?
892 2989 1030 3025 conservus
1050 2989 1082 3023 ue
1104 2990 1157 3023 aum
1180 2990 1228 3039 ego

142 3049 251 3112 quiedam
264 3049 295 3096 P.
310 3047 460 3109 Poplicola,
471 3054 517 3095 aut
529 3054 558 3095 ut
569 3045 612 3095 alii
624 3062 665 3096 ro·
705 3061 772 3111 tuus,
793 3066 824 3099 an
848 3052 975 3100 vinarius?
1011 3051 1054 3099 Uti
1074 3066 1124 3099 mos
1147 3051 1230 3101 Vester

142 3125 195 3172 lunt
215 3122 377 3170 Vitelliorum
395 3134 479 3181 servo,
497 3120 531 3168 ob
549 3121 664 3182 conjura·
703 3128 750 3189 ait]
767 3128 824 3176 Duo
836 3127 948 3186 codices,
965 3133 991 3175 ut
1007 3132 1042 3175 est
1053 3143 1111 3175 mos.
1144 3127 1228 3188 bisle;

141 3198 216 3246 tionis
228 3197 348 3245 iudicium
361 3195 443 3270 ptimo
458 3195 560 3258 publice
576 3209 664 3242 montl-
704 3203 768 3251 mori
780 3203 845 3250 errlm
856 3216 991 3264 personam
1003 3203 1106 3251 tribuit:
1119 3216 1168 3250 uec
1178 3203 1229 3252 dis·

140 3275 225 3332 misso,
245 3273 380 3334 originem,
406 3277 442 3329 et,
469 3276 497 3319 ut
521 3271 662 3333 gravissimi
704 3277 792 3339 plicet,
802 3277 869 3339 qurud
879 3291 911 3324 ex
921 3278 974 3325 suis
985 3277 1175 3338 exemplaribus
1188 3292 1228 3327 ss-

141 3355 257 3395 auctores
268 3345 383 3403 tradunt,
392 3346 470 3395 etium
484 3345 664 3408 nomenadep·
703 3352 784 3400 seruit
796 3353 930 3414 Crispulus,
945 3352 988 3400 Uti
1004 3367 1052 3400 mos
1067 3351 1149 3401 Vester
1166 3353 1229 3414 uste,

142 3427 183 3468 iv.
220 3417 327 3466 Erudite
350 3417 430 3478 lubili!
450 3417 574 3467 Horatius
596 3417 663 3465 huno
705 3440 751 3488 pro
764 3425 892 3475 obstruat,
914 3426 1021 3473 Tor-ml.

142 3493 273 3555 precipue
284 3490 386 3540 modum
397 3493 535 3554 expressit,
546 3493 580 3541 ob
592 3493 663 3541 Pro·
735 3504 768 3547 sa
785 3499 887 3548 Dareru
900 3505 928 3547 ar
943 3499 1032 3562 nmo]
1049 3499 1167 3549 traheris
1178 3501 1229 3550 atis

141 3571 204 3619 toris
212 3571 376 3633 praesentiam
385 3568 664 3620 esteriseffioaeiurem.
704 3580 834 3635 potestate
846 3575 916 3623 velut
931 3575 1099 3636 imaguncula
1118 3589 1174 3638 quas
1194 3587 1228 3623 er

141 3645 238 3694 Verum
246 3644 278 3693 de
286 3645 343 3705 ipsa
350 3645 544 3693 manumittendi
555 3659 601 3707 per
609 3646 664 3694 rin·
703 3648 772 3711 liguo
789 3645 867 3696 factae
885 3648 962 3696 certis
980 3649 1064 3696 nervis
1079 3656 1228 3711 suayspouts

141 3720 237 3768 dietam
267 3718 357 3778 t’orma,
380 3719 491 3767 nonnihil
518 3720 664 3783 subigitur.
704 3730 846 3771 murentur.
890 3722 924 3770 Ut
944 3723 1023 3771 serris
1043 3723 1127 3771 alienia
1146 3722 1229 3770 mobile

141 3792 208 3841 Nam
226 3792 426 3855 prseterdomiui
443 3795 609 3857 voluntatem,
621 3795 665 3857 gui
703 3794 806 3857 lignun]
832 3797 915 3845 Recte
935 3797 1055 3845 Muretus
1077 3803 1105 3844 et
1126 3795 1229 3845 Lambi-

140 3869 208 3919 sorri
224 3875 305 3930 caput
321 3882 379 3916 raso
395 3870 494 3918 vertice
516 3884 592 3919 mauu
612 3877 666 3919 tau·
705 3885 752 3918 nus
767 3871 838 3932 (nam
855 3870 929 3918 aliam
945 3870 1080 3919 lectionem
1092 3871 1135 3934 qui
1153 3885 1185 3919 ex
1200 3885 1229 3920 as

140 3958 213 4008 gens,
223 3956 333 4007 eumque
351 3943 376 3990 iu
393 3943 481 3992 orbem
496 3952 599 3993 vertens
612 3945 665 3993 sive
705 3947 931 3994 comminiscuntur
942 3944 1037 3992 t‘rustra
1048 3954 1118 4007 sunt,
1129 3953 1156 3995 et
1167 3945 1228 3996 dou·

141 4020 332 4082 circumagens:
352 4017 449 4067 ‘Hune
466 4020 610 4081 bominem
627 4022 665 4068 in·
706 4020 803 4068 tisslmo
820 4019 909 4069 Poiitas
925 4019 1044 4082 iujuriam
1055 4018 1167 4084 sariunt)
1178 4035 1228 4071 non

141 4094 343 4155 quit,‘llberum
356 4106 413 4141 osse
425 4094 505 4154 rolo;'
521 4095 554 4143 sd
573 4102 666 4158 praeto·
705 4094 737 4142 ad
759 4094 886 4143 turbinem
907 4097 1007 4144 scutica
1027 4095 1162 4158 impulsum
1180 4097 1229 4144 lrua

143 4167 178 4214 ris
194 4182 331 4232 assensum,
345 4184 403 4218 eum
421 4168 536 4219 diceret:
554 4171 622 4219 ‘Aio
639 4179 665 4219 te
707 4168 835 4219 referunt:
853 4170 899 4218 sed
917 4171 949 4218 arl
967 4185 998 4218 ea
1014 4185 1100 4233 opera,
1111 4185 1168 4233 quas
1186 4183 1229 4215 oc·

143 4240 249 4290 liberum
260 4257 329 4292 more
346 4245 508 4306 Quiritiuu13'
527 4245 666 4294 secedebat
706 4246 781 4294 cultis
793 4244 900 4293 fidiculis
911 4245 1020 4298 intensa.
1032 4258 1079 4306 per
1093 4258 1120 4290 se
1132 4239 1228 4288 moveri
