3022 5062
302 428 389 494 lons
644 437 751 487 unna
775 435 972 485 vaanoann
998 435 1037 482 ru

304 584 399 649 probno
420 581 579 631 fenerator:
607 579 681 643 cnjus
701 578 828 627 scelernm
864 583 917 625 tem
934 587 1049 636 aequans.
1080 572 1164 621 Moris
1175 576 1261 620 antem
1272 579 1329 622 erat
1338 574 1386 623 snb

304 659 448 718 nominoe,
459 656 697 710 senatusconsulto,
711 653 780 718 qnod
795 652 829 701 ab
865 650 940 698 finem
950 649 1043 698 mensis
1051 661 1140 695 usuras
1152 647 1267 710 exigere,
1279 647 1326 696 nisi
1335 663 1388 697 cre·

302 748 334 784 eo
346 734 559 783 Macedonianum
570 730 714 790 dicebatur,
725 737 827 777 continu
864 725 934 774 ditor
949 737 1049 771 usuram
1066 735 1199 770 usurarum
1211 722 1312 770 scivere
1329 723 1391 770 mai·

303 806 353 857 fnit
363 823 395 856 nc
404 808 437 864 ei,
447 804 656 869 quidliofamitias
662 813 773 853 mutuam
784 817 828 865 pe·
864 800 916 848 let:
934 812 1009 861 quem
1021 795 1178 855 ἀνιτοκισμὸν
1191 805 1283 844 vocant
1295 796 1392 857 Greci,

304 883 405 932 cuniam
422 882 634 942 dedisset,etiam
649 887 827 942 postmortem
864 875 934 937 quasi
942 874 1063 921 iteratum
1071 870 1153 920 fenus.
1173 872 1287 935 Exercet]
1303 871 1331 919 td
1343 881 1394 933 est,

305 958 431 1021 parentis,
449 958 473 1006 in
491 959 563 1020 enjus
583 963 712 1019 potestate
728 953 827 1011 fnisset,
865 948 981 1009 deducit,
995 956 1039 996 aut
1056 947 1156 995 adimit.
1191 949 1313 996 Meromes
1325 963 1392 996 ease·

304 1034 375 1082 actio
393 1032 537 1095 petitioque
556 1031 677 1079 daretnrs
699 1036 827 1092 etqnam·
863 1026 913 1088 cot]
946 1024 1043 1074 Quinaa
1066 1036 1154 1071 usuras
1181 1023 1244 1070 sorti
1270 1021 1392 1086 detrabit,

304 1122 381 1172 qnam
400 1107 540 1171 pericnlum
558 1106 694 1155 feneranti
711 1104 827 1161 suberat,
865 1100 942 1164 Angt.
952 1103 1019 1149 takes
1022 1101 1072 1164 flos
1076 1101 1141 1160 from
1151 1102 1192 1150 tiro
1201 1101 1325 1165 principat.

304 1183 371 1233 lucri
393 1190 498 1246 sperata
514 1182 666 1244 improbitas
685 1181 748 1229 iilud
768 1195 828 1229 con·
899 1182 927 1225 1⁵
954 1176 1086 1238 Perditior]
1113 1178 1217 1228 erantn
1237 1178 1392 1227 luxuriosior

305 1264 419 1305 temnere
430 1257 549 1319 jubebat.
580 1255 633 1303 Sub
651 1254 744 1303 Fotidii
764 1268 828 1317 ergo
865 1260 893 1302 et
915 1253 1093 1316 negligentior.
1135 1253 1269 1316 Perditior]
1299 1254 1390 1303 Codex

302 1330 565 1393 persoaaexempinor
575 1329 828 1392 ponitaiicnjnssor·
864 1342 930 1377 unns
950 1343 965 1376 o
987 1329 1080 1377 nostris
1100 1329 1230 1391 proditior:
1257 1342 1340 1392 neqns
1361 1328 1388 1378 id

304 1404 430 1454 didiscimi
454 1405 573 1465 Romani,
599 1404 774 1467 superioribus
796 1420 827 1453 ex
865 1401 1103 1467 Lambiunmfngit,
1121 1418 1170 1452 non
1185 1404 1277 1468 probat
1292 1412 1389 1454 umen.

303 1480 425 1529 antithesi
434 1492 587 1542 repugnans.
599 1479 675 1541 Cruq.
692 1478 754 1527 Vid.
762 1478 828 1529 Tor·
864 1478 915 1527 Sed
926 1479 1070 1527 meminisse
1087 1477 1224 1538 debuerat,
1235 1485 1262 1527 et
1276 1477 1387 1540 ‘prode-

302 1552 362 1602 ueb.
379 1566 438 1602 aar.
458 1558 496 1603 lo.
530 1553 651 1617 Frpidias]
678 1554 829 1604 Foenerator
865 1553 905 1602 re’
918 1553 1118 1617 pro‘perdere‚'
1132 1560 1159 1603 et
1175 1553 1325 1615 ‘proditus'
1340 1567 1389 1616 pro

302 1628 511 1690 improbissimus.
553 1629 640 1691 Voppc
651 1629 744 1688 soranos
762 1629 830 1679 tisun
864 1628 1240 1691 ‘perditus’uonunoininco
1256 1626 1323 1693 apud
1339 1628 1389 1677 bo-

302 1701 470 1763 oesebaioais]
489 1702 605 1753 Hominis
614 1718 722 1768 nequam
732 1713 758 1753 et
770 1719 828 1767 pro·
864 1704 1096 1752 cretinmiuveniri.
1110 1701 1388 1768 Enniusqnoqne‘rem

302 1774 363 1826 insi.
374 1777 432 1825 vide
443 1779 496 1827 Sat.
508 1792 527 1828 r.
865 1778 976 1842 prodere
988 1777 1125 1828 summam'
1136 1778 1202 1827 dixit
1217 1792 1264 1842 pro
1281 1777 1389 1841 ‘perde-

336 1857 367 1902 to
385 1853 477 1908 (ὶιάπω
487 1855 525 1902 bio
541 1855 615 1917 ospiti
631 1858 746 1906 mosomo
763 1870 828 1906 ease·
864 1852 911 1910 rel
922 1860 990 1902 teste
1000 1855 1086 1903 Festo.
1101 1853 1329 1902 Sententiaantem
1340 1859 1391 1909 est,

300 1926 351 1989 rot]
377 1928 498 1991 ‘Caput'
519 1937 595 1979 rocat
615 1936 709 1979 sortem
726 1932 828 1994 ipsam
865 1937 962 1994 quanto
973 1930 1080 1994 quisque
1097 1929 1157 1976 luxu
1170 1926 1297 1991 perditior
1307 1925 1390 1989 profli-

303 2000 312 2028 ‘
322 2002 470 2052 Mercedem
480 2002 487 2025 '
509 2018 571 2054 vero
592 2005 670 2053 sortis
693 2003 805 2054 fructum
816 2022 824 2066 ;
865 2006 998 2068 patiorque
1009 2004 1054 2062 sit,
1065 2009 1135 2052 tauto
1143 2005 1226 2051 aerius
1236 2002 1330 2050 instare
1340 2002 1389 2050 Fu·

302 2077 370 2139 qnod
390 2079 494 2140 proprie
514 2080 556 2127 rei
574 2077 648 2127 fenus
667 2081 707 2127 rel
723 2095 827 2129 usuram
863 2078 960 2137 fidium,
973 2085 1001 2126 nt
1017 2080 1134 2140 graviore
1152 2091 1210 2124 enm
1227 2075 1316 2122 fenore
1330 2089 1388 2135 pes·

303 2150 428 2210 dicimns;
456 2151 572 2201 ‘Fenus'
595 2161 713 2217 tauquam
742 2153 826 2203 ferum
862 2153 966 2200 sundet.
1009 2153 1043 2198 Et
1068 2150 1156 2210 nequis
1182 2148 1251 2195 forte
1278 2149 1388 2198 miretur

303 2225 437 2286 quemdam
458 2227 554 2274 sortis:
587 2227 733 2288 ‘Usnram,’
757 2227 825 2289 quod
863 2231 961 2271 tantam
979 2221 1074 2269 fenoris
1091 2221 1294 2284 improbitatem,
1314 2223 1387 2272 addit

303 2311 351 2362 pro
361 2311 408 2346 usu
423 2294 507 2346 detur.
540 2298 675 2346 ‘Merces'
690 2312 751 2346 rero
767 2311 824 2359 pro·
861 2296 945 2345 Poeta
959 2298 1051 2361 quibus
1068 2297 1229 2359 potissimum
1245 2296 1388 2361 feneretur,

303 2375 360 2437 prio
381 2373 407 2421 in
430 2373 554 2422 locatione
575 2373 730 2436 appellatur,
752 2380 780 2422 nt
798 2374 824 2421 in
861 2373 947 2419 stultis
959 2373 1012 2421 scii.
1024 2371 1240 2426 adolescentibus,
1248 2371 1340 2433 quibus
1351 2374 1388 2419 ni·

304 2449 600 2512 emptione‘pretinm.’
633 2449 758 2498 Horatius
779 2449 825 2512 igi·
861 2446 977 2495 biicnrae
996 2446 1127 2509 sit,qnem
1146 2453 1174 2494 nt
1191 2446 1301 2494 habeant
1316 2446 1387 2508 quod

303 2525 828 2588 turamoqummds,ntpsninunte‘con·
864 2518 1029 2582 profundant.
1056 2519 1225 2581 Tuatooorias]
1237 2520 1320 2568 Tanto
1329 2536 1388 2581 gra-

304 2597 411 2646 ductos'
430 2607 507 2649 vocat
523 2599 672 2648 ‘nummos’
686 2598 768 2648 fenori
786 2612 827 2647 ac·
865 2597 936 2644 viore
948 2610 1022 2643 neura
1034 2603 1134 2644 onerat.

303 2679 402 2737 ceptor,
414 2677 450 2724 ric
466 2691 532 2725 nunc
548 2676 692 2725 mercedem
707 2690 765 2739 quae
783 2688 829 2736 pro
899 2675 930 2720 to
948 2673 1176 2735 Nomioosectctur]
1192 2671 1313 2719 Sectatnr
1325 2671 1389 2719 tiro-

303 2749 340 2796 eie
353 2747 484 2808 penditur.
518 2750 552 2794 Et
566 2750 600 2795 de
615 2748 714 2796 fenebri
725 2747 828 2811 quidem
867 2761 926 2794 num
943 2747 1053 2803 nomina,
1069 2747 1111 2809 qui
1129 2747 1196 2794 ultro
1213 2746 1261 2793 hoo
1279 2746 1343 2808 agit,
1362 2753 1391 2794 ut

304 2823 423 2883 peonma,
439 2834 489 2879 quo
508 2820 592 2877 modo,
613 2835 696 2881 quove
712 2830 828 2882 tempore
867 2822 977 2871 tironum
996 2822 1138 2869 nominibus
1154 2835 1190 2869 oes
1206 2821 1314 2868 alienum
1330 2834 1390 2868 con·

302 2892 423 2944 collocari
439 2899 484 2938 arn
500 2890 581 2953 redigi
596 2893 687 2946 anteat,
700 2893 783 2954 Epod.
795 2908 827 2942 rr.
866 2895 959 2944 trahat.
995 2897 1029 2944 At
1046 2897 1236 2958 Jurisconsuiti,
1254 2896 1328 2959 paulo
1346 2895 1389 2942 aii·

302 2964 498 3016 declaravimus.
532 2966 590 3014 Hoc
607 2966 664 3014 ioco
684 2966 826 3014 mouendus
865 2974 906 3015 ter
920 2969 1006 3030 ‘sequi
1025 2970 1132 3019 uomen'
1149 2971 1239 3018 dicunt
1258 2983 1304 3031 pro
1321 2971 1390 3017 acci-

304 3047 343 3088 ert
355 3039 457 3102 Lector,
467 3039 633 3088 centesimam
645 3053 747 3088 usuram
758 3038 825 3100 apud
864 3054 936 3103 pere,
948 3043 1001 3089 sive
1011 3057 1042 3090 eo
1052 3053 1198 3093 contentum
1210 3059 1273 3092 esse.
1293 3044 1389 3092 Notum

304 3117 441 3179 Romanos,
452 3131 509 3181 que
525 3117 667 3166 centesimo
685 3129 771 3164 mense
792 3130 827 3164 ee·
864 3116 1386 3175 antem,SenatusconsuitoVeiteianore·

304 3192 402 3256 qnabat
421 3200 525 3253 sortem,
536 3193 598 3241 assis
616 3194 672 3241 ioco
689 3190 774 3245 fuisse.
789 3191 827 3239 ita
866 3191 940 3239 titum
952 3191 1029 3240 fuisse
1042 3207 1073 3240 ne
1087 3208 1133 3256 pro
1147 3195 1197 3242 nilo
1208 3194 1389 3243 mulierinter·

304 3276 335 3317 ut
345 3267 377 3317 sd
388 3268 456 3316 iiiam
466 3268 571 3331 rciiqnoe
581 3281 668 3315 omnes
680 3266 827 3328 redigeren-
865 3266 969 3315 eederet
981 3285 988 3327 ;
1005 3269 1215 3329 quemadmodum
1228 3278 1255 3316 et
1267 3269 1390 3317 Macedo·

306 3349 356 3392 tur.
390 3343 483 3406 ltaque
497 3341 605 3390 semissis
622 3356 704 3390 usura
718 3341 828 3388 nonnisi
867 3343 948 3402 niano,
959 3345 1032 3406 cnjus
1045 3346 1119 3406 panio
1132 3341 1269 3392 antefacta
1281 3344 1386 3402 mentio,

305 3419 439 3468 dimidium
457 3426 530 3467 eraut
549 3419 711 3476 centesimae;
737 3431 829 3479 nempe
867 3431 898 3465 ne
910 3418 965 3480 quis
977 3417 1138 3468 filiofamilias
1148 3425 1233 3467 mutuo
1249 3417 1336 3466 datnm
1344 3417 1388 3480 jn-

305 3509 363 3543 cnm
380 3508 429 3542 nou
446 3493 580 3544 duodecim
597 3493 741 3557 quotannis,
756 3500 785 3540 nt
803 3492 829 3540 in
867 3508 895 3542 re
908 3500 1045 3555 repeteret.
1081 3493 1177 3542 Maium
1190 3502 1288 3556 ergoet
1300 3492 1388 3541 mulie·

306 3569 456 3629 centesima,
466 3569 511 3616 sed
527 3583 572 3617 sex
590 3577 689 3618 tautum
707 3582 753 3631 pro
770 3581 829 3617 ceu·
868 3568 902 3618 ris
914 3576 939 3615 et
951 3567 1105 3616 fitiifamtttar
1120 3582 1222 3630 nomen,
1232 3569 1277 3618 sed
1289 3568 1387 3618 fenera-

308 3654 361 3692 tum
373 3643 564 3706 penderentnr;
588 3650 616 3690 et
626 3644 663 3691 sic
676 3657 760 3706 porro.
793 3640 830 3689 At
868 3652 935 3692 tores
953 3645 1033 3705 legem
1045 3644 1192 3693 eludebant.
1215 3646 1274 3707 Vei,
1284 3657 1313 3694 nt
1324 3647 1388 3695 Cru-

307 3734 366 3768 vero
388 3718 602 3782 improbissimum
623 3726 679 3765 erat
701 3715 785 3775 senus,
808 3716 829 3763 si
866 3720 938 3783 quius
956 3720 1020 3778 vult,
1033 3720 1127 3768 narnias
1141 3735 1188 3782 pro
1199 3721 1309 3770 debitis:
1334 3735 1390 3770 sec·

305 3792 661 3856 duplicareuturcenteeitnae.
695 3790 730 3838 Et
745 3796 828 3838 iumen
867 3801 936 3843 tatur
947 3794 1178 3854 nominatironnm,
1188 3797 1390 3857 boceat,stndet

306 3867 420 3916 Fufidius
436 3869 483 3916 iste
498 3868 587 3930 quinas
601 3866 627 3913 in
638 3864 748 3927 singulos
760 3879 829 3913 men·
865 3868 984 3917 irenersri
998 3868 1130 3919 tironibus.
1162 3871 1284 3933 Seototnr]
1300 3872 1389 3921 Nomi·
1466 3864 1469 3869 ’

306 3957 346 3991 ses
366 3943 445 4003 capiti
463 3940 595 3990 mercedes
614 3938 763 4001 exsecabat,
778 3940 827 3989 boc
865 3957 896 3991 na
908 3943 1106 3992 adolescentium
1124 3945 1304 4008 investigatio
1322 3959 1387 3993 mer·

306 4025 356 4076 est,
366 4017 454 4079 quinos
465 4024 527 4080 quot
539 4014 665 4063 mensibus
678 4029 767 4063 aurens
781 4030 828 4078 pro
865 4025 978 4067 catorum
997 4019 1074 4068 tibris.
1107 4019 1206 4082 Sumpta
1224 4019 1298 4082 oeus]
1322 4021 1385 4068 cum

307 4099 409 4137 centnm
440 4098 526 4138 mutuo
554 4089 620 4137 datis
648 4095 777 4152 tamquam
802 4091 826 4136 ri
865 4093 1038 4155 apaedagngis
1051 4102 1108 4143 sunt
1123 4095 1208 4158 tiberi,
1225 4103 1280 4158 port
1292 4106 1385 4141 uuum

307 4165 414 4223 quadam
425 4166 450 4213 in
459 4164 729 4228 summaindigentinnr
739 4179 827 4215 neces·
865 4169 949 4216 aetatis
962 4182 1020 4216 ιη.

305 4235 384 4284 ritate
393 4238 592 4303 auferebat,uon
599 4248 655 4291 toto
663 4240 766 4290 biennio
774 4256 827 4291 sor·
896 4247 926 4292 lt
944 4242 1032 4304 Duris]
1049 4243 1163 4295 Quorum
1173 4250 1258 4307 patrer
1267 4248 1327 4290 sunt
1339 4241 1385 4291 dn·
