3022 5062
429 465 586 513 uonsru
616 435 877 514 nrrsrouauuu
905 468 976 513 urs.
1002 469 1023 513 r.
1047 453 1077 515 4.
1207 454 1297 518 1779·

236 609 266 653 ut
285 605 655 666 QumtacoaaeaintMuanliua]
672 605 730 653 Mu·
767 619 855 666 gerum
881 605 991 667 scriptor
1012 607 1222 669 elegantissimus,
1248 610 1291 657 cui

206 685 277 727 retus
290 676 424 738 legendum
437 686 539 737 censet,
552 680 628 733 Quam
644 684 667 727 te
677 693 730 727 corr·
767 676 843 727 etiam
862 692 880 726 r.
896 678 950 729 0d.
968 684 1008 730 tt.
1030 683 1185 733 inscribitur.
1203 700 1293 748 qsram·

204 754 284 802 oraiot
300 753 492 815 Maeotimbc.
527 755 615 816 quue
636 752 731 815 signifi·
767 767 843 816 qnam
859 754 926 802 cuim
943 756 980 803 uti
991 756 1097 804 divitem
1110 758 1150 806 bic
1161 760 1289 809 describit

207 833 372 889 cat,eupcre
390 829 731 890 aeacire,aerioncll1uua÷
770 829 905 888 Horatius,
926 844 983 879 cum
1004 832 1113 894 ipsamet
1140 836 1223 896 operia
1250 837 1290 884 aui

207 901 392 965 tiuacnmipao
409 903 434 951 in
454 904 560 965 gratiam
579 903 731 965 redimibat
770 904 843 954 initio
865 913 1043 968 paupertatem
1062 922 1182 956 accusare
1206 910 1293 959 videa·

207 977 299 1040 ecquid
320 991 388 1032 enm,
403 988 433 1026 ut
455 979 592 1027 amicorum
610 994 664 1028 rnos
682 989 732 1039 eat,
770 988 825 1037 tur;
844 989 984 1042 paupertas
1001 982 1046 1030 illa
1063 997 1114 1030 uou
1132 983 1217 1046 inopia
1236 982 1295 1037 fuit,

207 1052 361 1114 alloquatur.
375 1053 509 1115 Munatius]
522 1055 612 1112 Recte,
622 1069 670 1102 nou
679 1056 730 1102 Nu·
769 1054 814 1103 aed
827 1054 940 1116 optanda
957 1056 1130 1114 mediocritas,
1142 1065 1171 1106 ut
1190 1058 1215 1106 ld
1227 1059 1295 1120 qtaorl

208 1127 302 1176 mutina.
329 1128 731 1194 Aliuarerohicllluautiuaquam
769 1130 886 1194 sequitur
906 1131 1042 1180 manifeste
1055 1133 1219 1183 demonstrat.
1240 1135 1297 1182 Tor·

208 1205 262 1266 ille,
278 1205 311 1255 ue
330 1220 380 1269 quo
393 1218 411 1255 t.
423 1206 475 1256 od.
487 1212 511 1256 8.
528 1208 603 1270 bujua
623 1207 732 1257 fortasse
768 1211 830 1254 real.
864 1207 1062 1270 crucicularum]
1074 1209 1124 1260 Qui
1135 1219 1296 1259 uostroarer-

208 1288 296 1343 pater:
314 1281 453 1331 etlratrem
466 1284 569 1346 quidem
583 1284 676 1332 lubere
688 1298 732 1347 po·
769 1296 856 1332 mones
875 1298 925 1332 non
944 1285 1067 1333 malevole
1086 1286 1126 1334 vel
1143 1286 1296 1349 iuterpreta-

208 1357 257 1404 tuit
278 1355 374 1406 Jullum
397 1357 510 1416 Florum,
532 1358 577 1406 aed
605 1358 731 1407 uterinum
770 1359 815 1420 ria,
832 1360 871 1408 sel
892 1360 997 1423 accipis,
1017 1359 1126 1410 fortasse
1146 1369 1252 1424 propter
1268 1360 1297 1410 li·

208 1438 324 1479 tanturn:
343 1446 496 1497 quamquam
518 1431 616 1483 studere
639 1436 733 1497 potius,
770 1435 840 1493 lium,
851 1435 945 1496 itropiae
959 1443 1016 1496 post
1029 1436 1234 1498 prodigalitatem
1253 1451 1297 1484 no·

207 1520 283 1568 qtram
302 1516 391 1556 natura
410 1507 503 1558 iratres
521 1507 599 1558 fuisse
616 1509 734 1559 credide·
771 1515 850 1557 tatum
864 1523 884 1557 r.
894 1509 948 1557 Sat.
959 1514 984 1557 4.
1000 1509 1077 1572 idque
1089 1518 1118 1559 ut
1135 1510 1247 1560 arbitror
1258 1513 1297 1560 ni·

210 1581 273 1642 rim;
292 1591 320 1632 ut
338 1597 395 1631 cum
413 1585 479 1633 alter
496 1585 604 1633 alterurn
620 1586 733 1647 germani
771 1584 823 1632 mia
841 1584 922 1646 patria
939 1584 1114 1647 indulgentia3
1131 1600 1180 1648 quo
1201 1585 1297 1634 factum

208 1655 265 1705 loco
280 1657 439 1713 dilexissent,
455 1666 544 1722 postea
557 1660 582 1707 in
600 1659 734 1708 dissidium
772 1659 860 1722 credo,
873 1668 903 1709 ut
921 1667 997 1721 pater
1016 1659 1072 1722 ipse
1086 1660 1210 1722 Tibullus,
1229 1675 1297 1710 nuuc

209 1731 335 1780 venerint.
365 1733 473 1781 Torreat.
506 1733 546 1782 Aa
571 1735 630 1782 saule
656 1734 733 1796 annu]
772 1733 937 1797 indigentior,
946 1742 1051 1782 coactus
1064 1734 1098 1783 ait
1110 1735 1298 1784 invillavivere

209 1803 303 1852 Gratia
322 1806 462 1868 conjuncta
479 1814 507 1855 et
525 1807 623 1870 perfide
640 1808 734 1856 instau-
773 1810 916 1870 augustius.
935 1810 1009 1871 Cruq.
1033 1809 1231 1871 Condideitrdex]
1242 1811 1298 1858 Sin·

210 1887 275 1928 rata.
772 1898 832 1933 cere
835 1885 919 1948 judex
930 1885 1078 1948 satyrarum
1087 1894 1240 1935 nostrarum.

242 1958 275 2004 εἳ
293 1955 455 2018 Nequicpamm
466 1956 524 2019 coit]
540 1958 599 2007 Non
612 1957 696 2007 durat.
804 1964 820 2007 2
838 1960 866 2007 Ia
885 1961 981 2019 regione
993 1959 1100 2024 Periuria]
1119 1960 1250 2009 Praedium
1264 1962 1298 2010 ibi

242 2033 274 2079 ³8
292 2030 439 2080 Smculidm
448 2033 688 2093 anaguinaeurrrum
699 2034 735 2082 ia·
773 2033 883 2082 babebat
899 2034 1027 2094 Tibullum
1045 2036 1071 2083 iu
1089 2050 1139 2097 quo
1157 2050 1214 2085 cour
1231 2035 1300 2086 sorte

210 2104 292 2168 acilia]
309 2106 340 2154 In
356 2107 469 2170 quinque
485 2109 673 2172 exemplaribus
684 2124 735 2158 ma·
773 2124 801 2158 ae
822 2112 978 2164 contineret,
994 2110 1066 2172 lutjm
1088 2110 1205 2172 Epistolii
1227 2127 1298 2161 caut·

209 2184 350 2245 nuacriptia
359 2184 483 2247 scriptum
495 2185 615 2249 repperi:
634 2187 736 2236 Hercu·
772 2183 919 2235 asnidedit.
952 2185 1012 2233 Fuit
1029 2191 1114 2234 autem
1126 2185 1299 2236 Padumollm

209 2259 272 2307 lidus
282 2259 388 2321 arania,
399 2259 443 2313 lieu
458 2275 537 2309 rerum
551 2263 646 2311 inscitia
655 2279 664 2319 ,·
681 2277 735 2311 mu·
774 2261 840 2309 Latii
857 2258 999 2322 oppidum:
1017 2260 1089 2324 cujus
1107 2261 1198 2310 incola
1215 2260 1301 2311 Peda-

211 2341 293 2383 tatum
310 2334 427 2385 fortassis
439 2335 472 2383 ab
483 2336 576 2399 allquo,
590 2339 632 2400 qul
644 2352 735 2386 secuu—
774 2335 809 2399 ui,
821 2349 882 2394 ager
898 2335 975 2382 etiam
987 2333 1107 2383 Pedasus
1125 2335 1219 2385 dictus.
1247 2337 1302 2386 Pli-

213 2409 270 2456 ‹laru
287 2410 359 2458 verbi
376 2411 474 2470 mguia
487 2412 610 2472 syllabam
628 2412 736 2474 produci
775 2409 830 2456 uiua
842 2422 884 2458 ur.
897 2415 920 2457 b.
952 2410 1002 2457 Sed
1016 2418 1043 2459 et
1055 2411 1220 2460 vetustissimi
1232 2412 1301 2461 cosli·

212 2483 338 2532 noluerit:
356 2485 390 2532 da
406 2499 457 2547 quo
473 2495 587 2536 extrema
603 2502 622 2536 r.
635 2488 737 2538 outa.
774 2483 811 2531 cla
824 2483 932 2555 margini
946 2482 1104 2544 adscriptum
1123 2487 1251 2547 repperi,¹
1263 2501 1301 2533 ra·

213 2559 319 2609 tonat.
353 2559 509 2625 Βαναίαν]
523 2565 631 2626 Sanguis
642 2564 739 2612 calidus
776 2560 875 2618 gionem
904 2556 1053 2604 Pedanam'
1071 2559 1141 2603 inter
1167 2558 1247 2605 Tibur
1275 2566 1303 2605 et

215 2635 240 2682 in
248 2635 388 2697 juvenibus
400 2636 464 2683 iram
475 2637 583 2683 excitat,
776 2631 910 2678 Ptn‘lleflle
928 2627 1044 2687 fuitum!
1060 2631 1242 2676 ntonttmenlo‘
1253 2631 1301 2677 Pe·

245 2713 277 2758 84
295 2710 414 2756 Indomita
433 2709 522 2756 cmuice
535 2709 614 2769 seros]
633 2706 739 2754 carrica
776 2705 845 2752 (lanii
856 2704 862 2724 '
873 2703 1002 2764 ctrjuadam
1018 2701 1231 2763 cognominatum.
1245 2703 1304 2749 Tor·

215 2781 279 2830 dura
295 2789 323 2830 et
344 2794 429 2828 rernm
447 2781 607 2841 experientia
628 2779 740 2827 nondum
776 2781 838 2824 reat.
871 2774 982 2837 Pedasa]
999 2775 1041 2823 Sic
1052 2775 1124 2823 dicta
1136 2789 1150 2822 a
1162 2765 1235 2824 l'edo
1250 2777 1303 2825 lta-

214 2854 336 2902 emollita.
579 2850 582 2854 ’
777 2854 818 2900 lia.
833 2852 939 2915 oppido.

247 2932 278 2976 :lb
297 2926 602 2990 Indignisralrraumdpc]
617 2929 741 2978 Pervitia
808 2932 823 2976 8
841 2927 951 2976 Scribere
960 2927 1031 2990 quod]
1048 2926 1088 2975 Au
1100 2925 1184 2975 dicam
1202 2935 1227 2976 te
1239 2931 1302 2978 acri·

216 3003 322 3064 indigni,
335 3003 378 3065 qni
389 3002 513 3065 rumpatis
530 3001 667 3051 fraternam
680 3005 739 3051 ami·
777 3001 858 3050 bere?
878 3001 945 3049 Cuarl
954 3001 1101 3066 Panuraaia]
1112 3002 1152 3051 Au
1165 3002 1231 3052 idem
1241 3004 1302 3053 Cas·

215 3077 310 3127 citiam.
776 3077 827 3124 sius
845 3074 1003 3135 Parmensis,
1024 3077 1111 3139 quiet
1132 3077 1265 3133 Etruscus,
1285 3093 1303 3127 r.

248 3155 280 3201 Sil
297 3152 326 3200 la
336 3158 439 3200 nomm
454 3152 555 3200 reatem
566 3153 645 3200 colion
656 3149 740 3212 juvea-
776 3150 830 3199 Sat.
842 3154 880 3198 1⁰.
893 3149 1017 3198 vidimus?
1034 3151 1154 3200 Valerius
1168 3167 1186 3201 r.
1201 3157 1225 3202 7.
1245 3154 1302 3202 Tor·

215 3229 254 3291 cu]
270 3227 338 3276 Vide
351 3242 370 3276 r.
382 3226 434 3276 Od.
444 3231 485 3277 86.
503 3227 546 3276 ubi
563 3243 609 3291 pro
622 3229 741 3277 Numidae
777 3232 840 3275 reat.
876 3225 943 3273 Cassi
956 3227 1161 3290 Parmensium
1177 3230 1304 3281 Quimul·

217 3301 517 3352 redituritulumaolrit.
534 3302 640 3352 Torreat.
676 3304 742 3352 Voti·
779 3309 819 3350 tat
838 3301 986 3362 Tragoesliaa
1004 3303 1117 3364 scripsit,
1133 3304 1217 3354 dictus
1239 3305 1302 3354 Par·

216 3393 247 3426 ou
257 3375 370 3437 lanruac]
386 3376 502 3426 ,iuvenca
513 3391 587 3440 qnam
606 3378 742 3428 immolabo
778 3378 871 3426 mensis
884 3376 916 3423 ab
929 3376 990 3424 urbo
1002 3378 1106 3427 Parma.

219 3452 290 3500 vobis
303 3451 449 3500 telluribus.
810 3458 826 3500 4
842 3450 1003 3511 Silouaa'uter]
1019 3452 1154 3500 'l'uruebus
1164 3454 1302 3504 Adversar.

220 3528 361 3578 Erramus.
396 3525 439 3573 Au
457 3525 568 3576 Asnaum
588 3527 741 3578 Ttnunuura.
780 3525 1124 3586 r.as.occulraaigntficart
1142 3529 1304 3580 aPoe'taait

251 3602 355 3651 Albium
378 3600 505 3649 'l'ibullum
528 3603 677 3665 compellat,
701 3604 741 3653 cul
778 3600 1303 3668 Tibullumllpicarmnmusanttpiou-

251 3677 360 3725 atudium
373 3676 541 3738 Philosophia
558 3677 661 3728 laudare
673 3678 743 3728 side·
780 3694 833 3728 rum
854 3678 957 3743 quidem
975 3691 1052 3725 anuos
1071 3686 1157 3726 natum
1170 3684 1209 3729 lb.
1224 3681 1305 3742 pbilo-

253 3751 429 3814 tur,atqueid
442 3749 568 3802 lacerant
585 3753 641 3816 ejus
657 3768 743 3802 amore
780 3752 882 3818 aopbari
899 3753 1018 3816 coepisae,
1034 3762 1110 3816 atque
1123 3754 1148 3800 iu
1162 3754 1241 3801 ltortia
1259 3753 1303 3803 do·

243 3828 322 3876 ¹illum
343 3826 477 3877 accendat.
509 3828 636 3878 Recanaet
654 3829 744 3893 quibua
780 3841 838 3877 cere
856 3827 966 3876 solitum.
999 3827 1050 3874 Sed
1068 3841 1147 3891 quara
1164 3841 1215 3876 nou
1231 3842 1304 3893 aeque
1347 3830 1353 3834 “

254 3903 358 3952 dotibus
380 3904 451 3952 illum
468 3902 503 3952 dii
520 3905 682 3954 ornaverint:
700 3905 743 3953 de·
780 3911 825 3953 atat
835 3901 1018 3952 Academicum
1036 3912 1080 3952 aut
1099 3903 1302 3967 Peripateticum

252 3980 312 4030 iude
331 3981 369 4029 its
389 3978 523 4027 vivendum
542 3978 579 4028 illl
598 3992 655 4028 ease
673 3978 746 4041 dicit,
780 3979 858 4029 fuisse
879 3979 985 4028 Albium
1008 3978 1105 4042 fingere
1133 3980 1218 4042 liceat,
1245 3998 1302 4032 cum

236 4048 239 4055 '
254 4062 283 4102 ut
298 4066 503 4120 unumquemque
513 4052 581 4104 diem
600 4063 744 4103 extremum
781 4055 886 4105 istarum
907 4070 1009 4119 quoque
1027 4066 1155 4106 sectarum
1176 4058 1304 4120 principes

256 4129 302 4176 sibl
314 4128 369 4178 lora
381 4137 465 4192 putet.
782 4131 808 4180 iu
819 4131 898 4179 bortis
909 4130 1034 4189 docuisse,
1046 4140 1073 4181 et
1090 4132 1191 4195 qrritlam
1205 4133 1304 4181 Aristo·

257 4202 352 4265 lAlbi]
369 4205 455 4255 Nolim
463 4219 616 4269 quemquam
628 4205 746 4255 dubitare
783 4205 860 4254 talant
883 4206 949 4255 inter
971 4205 1160 4266 ambulandum,
1184 4205 1304 4254 conateu?

226 4276 286 4342 quin
297 4277 337 4326 lric
349 4277 440 4329 Albius
457 4279 501 4329 ills
515 4281 634 4330 Tibullus
643 4280 676 4329 alt
687 4281 745 4330 Ele·
783 4279 843 4328 inde
855 4280 921 4328 anim
932 4285 1011 4328 tecte
1021 4294 1120 4330 nomen.
1154 4278 1244 4328 Nullos
1256 4277 1303 4324 ita·
