3022 5062
293 415 378 482 1412
633 425 743 475 noun
766 424 966 474 vanronuu
993 425 1030 474 ru

293 585 359 632 mes,
384 582 432 619 cur
467 568 579 620 animum
613 566 815 628 imbecilliorem,
853 564 939 616 dentis
950 565 1003 614 vini
1014 563 1118 615 Felemi
1129 568 1303 628 pretereunte
1313 566 1379 629 lym·

293 657 370 709 quam
385 649 414 692 ut
431 651 555 693 eternum
571 641 668 707 ailquid
682 641 815 691 consulere
853 639 914 705 pira,
925 641 952 690 ld
970 648 1019 703 est,
1035 640 1092 703 quis
1109 638 1274 702 refrigerabit
1285 643 1380 702 poeula

290 726 337 769 ant
348 725 464 769 statuere
475 719 566 783 possit,
577 717 715 767 inanieurs
725 713 815 778 fatiga·
854 733 921 783 sqna
937 716 1055 767 fluviatili
1071 717 1161 782 diluta,
1178 731 1211 766 ne
1226 718 1251 766 in
1268 717 1380 770 ebrieta-

291 795 367 843 mnsi
401 795 504 843 Florum
521 808 583 843 vero
600 789 754 854 ‘bonorem'
772 804 816 839 ro·
855 801 907 844 tem
917 793 1064 842 incidatur?

291 867 816 931 camusnitoremiiiumjucundissimnm;
887 874 919 918 10
937 869 1098 918 Pretereaste
1117 865 1223 930 ipmpiru]
1254 868 1326 930 Ergo
1352 877 1381 919 et

291 950 323 992 nt
333 947 341 973 ‘
351 946 416 994 ruris
424 944 550 1007 bonores,’
560 943 730 1007 frugeaipsaa.
749 942 817 991 Turn.
854 943 935 994 fontis
947 944 1055 992 rivulum
1067 945 1100 993 ibi
1112 942 1218 992 duxisse
1229 943 1380 1006 cogitemus.

293 1017 582 1081 llorer11’niclsritudo.
856 1021 1018 1083 Quamquam
1047 1026 1074 1067 et
1106 1023 1262 1080 pretereunte
1287 1019 1381 1082 iprapiru

290 1125 291 1129 =
326 1095 371 1158 [iii
395 1093 465 1141 Lusn
482 1095 561 1141 reiteras
587 1089 655 1139 rubet
680 1103 745 1139 uuus
773 1103 815 1152 ap.
855 1094 944 1143 dicere
966 1093 1048 1142 videri
1069 1099 1163 1157 posset,
1182 1106 1228 1155 pro
1244 1092 1380 1148 obiter,ee

289 1165 399 1228 doech]
857 1170 963 1233 proinde
975 1183 1051 1232 parce
1067 1182 1096 1215 uc
1111 1168 1202 1216 leuiter
1217 1166 1310 1229 insutas,
1321 1182 1380 1232 quse

326 1248 354 1293 11
373 1242 504 1306 Miserere]
530 1242 679 1292 iuferiorem
696 1256 770 1306 qnam
787 1249 816 1292 ut
856 1243 908 1294 riui
921 1244 1039 1292 ardorem
1052 1242 1232 1304 restingueret.
1249 1242 1357 1292 Tnneut.

292 1316 380 1368 future
390 1319 442 1367 Dei
454 1318 560 1368 consilia
570 1317 780 1382 comprehendet.
888 1321 919 1367 21
939 1320 999 1374 Quis
1007 1321 1099 1367 derium
1108 1319 1222 1381 scortum]
1239 1318 1303 1369 Quis
1320 1334 1381 1368 evo·

325 1397 356 1444 lt
376 1395 426 1443 Cur
435 1409 481 1443 sora
491 1392 602 1455 subdiu]
613 1393 685 1443 Ordo
693 1399 750 1441 est:
763 1393 817 1441 Cur
856 1395 927 1444 cabit
939 1410 954 1444 e
965 1395 1040 1443 domo
1051 1409 1097 1443 stru
1106 1395 1205 1458 Lyden,
1216 1394 1379 1443 meretricem

292 1484 343 1520 non
356 1478 473 1533 potemus
485 1469 555 1518 suncti
571 1467 631 1516 dum
650 1468 713 1516 licet
725 1467 818 1531 jseen·
856 1482 907 1518 non
929 1469 1067 1533 publicum,
1083 1471 1127 1517 sed
1150 1470 1274 1518 secretius
1294 1469 1382 1533 cogni·

293 1553 333 1594 tea
351 1546 387 1593 sic
407 1552 513 1604 temere,
529 1543 555 1591 id
574 1548 623 1606 eat,
639 1542 665 1591 in
676 1542 767 1591 umbra
776 1542 817 1604 je·
858 1545 929 1594 tarn?
947 1559 1005 1607 quse
1022 1559 1099 1607 quum
1111 1544 1145 1593 sit
1157 1545 1242 1606 deris,
1257 1545 1283 1594 id
1301 1553 1381 1606 est,s

292 1626 392 1679 centes,
402 1619 457 1667 aine
469 1619 528 1668 nilis
540 1618 818 1679 ceremoniis‚uteusus
857 1618 898 1669 via
910 1619 1130 1682 publicarentur,
1146 1620 1229 1669 minua
1243 1629 1283 1670 est
1293 1621 1381 1685 rniga·

293 1694 394 1757 tulerit,
410 1695 481 1742 nuile
496 1693 586 1742 urbita
601 1706 766 1757 personarum
779 1705 817 1740 ru·
856 1695 900 1751 ris,
908 1697 1040 1760 minusque
1049 1696 1161 1745 omnium
1172 1697 1271 1746 libidini
1283 1696 1383 1760 exposi-

292 1771 383 1820 tione?
856 1778 891 1822 ts.
925 1773 1002 1821 Decio
1020 1775 1088 1821 enirn
1108 1773 1193 1822 Latini
1209 1783 1380 1836 vocant,quae

324 1853 356 1898 11
373 1846 415 1896 Sic
434 1847 531 1910 temere]
548 1847 761 1909 Qualemcunqne
779 1857 819 1892 se·
858 1847 923 1895 risrn
935 1861 985 1895 non
997 1847 1103 1908 babent,
1121 1846 1249 1910 eddredo,
1267 1846 1382 1896 difficilia

292 1921 352 1970 dem
364 1923 405 1970 uel
416 1923 500 1971 iocum
517 1935 550 1970 ex
561 1930 678 1985 tempore
689 1920 820 1984 prebebit
857 1930 886 1972 et
905 1923 993 1972 ardus.
1012 1923 1114 1972 Morus.
1147 1924 1249 1972 Demean
1269 1920 1383 1983 sumtum]

292 1994 400 2052 bumur;
410 1997 451 2042 rei
460 1997 591 2056 plutenum
601 1995 721 2058 pinumre
733 2002 820 2044 osten·
858 1998 933 2049 Quod
944 1999 1080 2058 deviando,
1088 1998 1176 2044 domos
1185 1998 1301 2059 cognitus
1309 1996 1384 2045 obet·

291 2068 356 2118 dcte
367 2068 479 2124 videtur,
499 2068 547 2117 sub
562 2084 613 2132 quar
624 2070 679 2116 siue
690 2069 819 2130 exquisito
857 2071 947 2131 morin,
957 2085 1067 2131 corpore
1084 2070 1215 2124 merendo,
1232 2071 1331 2117 eithara
1341 2084 1383 2116 ca·

293 2142 379 2206 aliquo
390 2143 538 2202 culturom
550 2150 578 2189 et
589 2142 670 2189 uurdo
679 2141 817 2195 delibutnr,
857 2143 951 2195 nendo,
962 2150 1086 2204 questum
1096 2140 1204 2190 fuceret.
1222 2142 1295 2203 Crsq.
1330 2143 1384 2190 Eii-

251 2270 255 2277 ,
292 2223 384 2281 potare
395 2214 465 2262 velit.
482 2212 683 2272 Terrenusupt.
856 2214 903 2262 ciet
920 2213 999 2275 domo]
1016 2215 1074 2263 Hoc
1092 2229 1194 2278 quoque
1211 2216 1382 2265 meretriculas

325 2295 355 2340 lb
374 2287 666 2349 Cunosodorntieupiiioe]
683 2284 816 2335 osidius
856 2288 1017 2337 nobilitatem
1052 2290 1146 2353 arguit,
1179 2305 1236 2353 qrtae
1263 2291 1383 2352 precibus

293 2363 429 2417 Horatius,
451 2363 491 2412 aui
512 2375 602 2424 parum
623 2373 730 2421 memor,
753 2361 818 2409 velit
857 2361 1039 2426 blanditiisque
1057 2364 1223 2426 perducenda
1235 2374 1315 2431 esset,
1331 2381 1383 2416 non

292 2439 431 2504 Hirpinum
444 2439 469 2486 in
483 2438 604 2502 juventa,
616 2434 642 2485 in
657 2436 742 2485 etatis
754 2433 818 2485 ilorc
858 2440 926 2488 uitro
936 2449 1093 2488 occurreret.
1116 2439 1223 2488 Tenent.

292 2522 440 2576 canescere,
462 2520 490 2563 et
506 2512 539 2562 ed
560 2525 660 2560 umores
675 2510 783 2572 hortari,
803 2525 819 2558 a
889 2520 922 2565 ῃ
940 2516 1045 2578 Reum,
1060 2516 1301 2580 dieuggmrym]
1327 2517 1383 2580 Ego

291 2592 386 2657 quibus
408 2591 528 2639 abhorret
549 2586 622 2635 eride
643 2585 769 2636 canities?
786 2598 819 2633 tn
859 2603 917 2639 cum
930 2590 1134 2654 Ctttquiolocum
1146 2591 1383 2640 hunccicordinsn.

291 2663 820 2731 mmmpiIlorinterpretabimurungucn·
860 2665 920 2714 dum
931 2665 1175 2729 intelligendumque
1181 2678 1286 2714 censeo:
1297 2682 1385 2730 opuer

294 2750 322 2791 to
338 2742 478 2800 delibutos,
501 2746 529 2786 et
550 2739 682 2798 candidos,
705 2739 820 2799 resplen·
861 2755 919 2803 ege,
941 2741 982 2789 die
1004 2742 1103 2804 Lydia,
1121 2749 1149 2789 ut
1166 2748 1277 2789 msturet
1295 2744 1384 2792 uenire

292 2813 453 2874 dentesque?
486 2811 527 2858 An
538 2810 631 2857 alludit
643 2811 675 2856 ud
687 2810 770 2856 eibum
781 2824 820 2857 roa
861 2829 918 2862 curn
928 2815 984 2876 lyra
992 2815 1106 2863 eburnea
1116 2815 1184 2878 (erut
1194 2815 1261 2863 enirn
1269 2814 1385 2879 fidicine)

293 2899 357 2942 sam,
379 2898 430 2946 qun
451 2881 558 2944 espilios
585 2881 649 2929 velit
670 2882 818 2930 internecti.
860 2886 955 2936 bubens
974 2902 1072 2936 comam
1092 2889 1226 2952 religatum
1246 2889 1271 2939 in
1291 2892 1383 2940 nodum

295 2960 367 3020 cusp.
403 2954 618 3018 Odorutieupiilos]
631 2954 819 3004 lisbenteseu·
859 2968 990 3023 comptum
1002 2977 1071 3011 more
1084 2965 1210 3027 anmuae,
1224 2965 1249 3014 id
1262 2975 1385 3030 est‚pex·

294 3032 368 3096 pillos
379 3030 499 3081 odoratos
513 3045 580 3093 roan,
591 3030 617 3079 id
629 3038 677 3089 est,
688 3044 751 3080 roste
764 3044 819 3081 suc·
859 3048 901 3084 um
914 3042 1024 3099 tentum,
1035 3045 1063 3086 et
1080 3040 1244 3101 negligenter
1259 3042 1384 3105 composi-

293 3106 688 3169 co,reiipaaroraiuternexos.
731 3106 819 3170 [Bsm
860 3118 914 3160 tum
931 3127 1002 3162 more
1015 3114 1128 3163 mulieris
1146 3116 1290 3166 [acumen.
1323 3117 1384 3165 Fes-

293 3184 480 3245 bttg·oli0ruii·
513 3182 627 3232 Chltltu·
646 3185 671 3231 8·
685 3195 702 3232 ⁸
717 3196 749 3230 m·
766 3196 819 3232 sec·
859 3187 972 3236 fluentes
993 3190 1061 3238 enim
1078 3189 1197 3238 mulieres
1215 3203 1308 3253 penum
1327 3199 1383 3238 ten·

293 3259 359 3308 nnus
378 3273 420 3321 ap.
432 3259 551 3309 Oberlin.
570 3258 666 3322 aliique
683 3258 759 3307 codd.
775 3273 818 3322 up.
859 3271 913 3311 tum
924 3263 1044 3326 capillum
1054 3264 1079 3312 in
1091 3262 1382 3326 nodnmeoillgerecon·

293 3334 386 3396 deecit,
394 3336 514 3398 remu]
858 3346 1006 3387 sueverunt.

326 3413 358 3458 16
373 3407 819 3472 Assyrioquermrdownguentonar·
889 3415 921 3460 ιι
938 3411 1046 3460 Mutum
1068 3409 1219 3471 incomptum]
1236 3408 1279 3457 Sic
1295 3408 1382 3471 piures

293 3484 364 3533 diuo.
397 3485 445 3532 Est
461 3483 555 3532 nardus
572 3483 650 3531 berba
667 3484 818 3547 inunguen·
858 3492 885 3536 et
897 3486 1014 3534 meliores
1028 3483 1103 3534 codd.
1135 3482 1188 3531 Alii
1205 3497 1267 3532 vero
1282 3483 1383 3547 legunt,

292 3563 328 3611 tls
348 3561 532 3625 componendis
554 3561 738 3610 laudatissime.
770 3563 818 3610 Aa·
856 3562 883 3610 a're
901 3565 1024 3623 compium,
1042 3558 1190 3623 seperatim.
1222 3559 1309 3609 Verbo
1326 3560 1382 3610 bueo

293 3637 360 3702 syrio
381 3651 428 3700 pro
446 3636 530 3698 Syria,
546 3650 596 3683 nou
613 3634 681 3700 qnod
699 3636 724 3685 in
743 3637 818 3699 Syria
857 3634 1008 3698 perturbata
1028 3634 1164 3683 admodum
1183 3642 1253 3692 sunt,
1270 3636 1335 3686 adeo
1354 3643 1383 3686 ut

291 3713 387 3761 nardus
398 3713 519 3772 nuscitur,
536 3711 581 3760 sed
594 3712 662 3775 quud
674 3713 778 3773 montis,
792 3712 817 3759 lu
857 3709 976 3758 mendum
996 3710 1100 3758 subesse
1118 3709 1241 3772 suspicer.
1276 3712 1342 3761 Nam
1359 3714 1381 3761 si

294 3803 344 3852 quo
362 3789 453 3852 oritur,
467 3801 526 3850 pars
538 3800 588 3835 una
604 3787 636 3835 nd
649 3787 746 3849 Syrios,
758 3800 817 3848 pure
857 3789 995 3849 incomptum
1013 3794 1040 3835 et
1057 3787 1116 3836 uodo
1132 3788 1278 3850 legerimus,
1297 3795 1326 3836 ut
1338 3789 1383 3836 Xi-

292 3864 376 3912 ultera
387 3863 419 3912 sd
431 3863 509 3912 ludos
524 3860 649 3918 flectitur,
668 3861 735 3910 unde
747 3860 818 3910 dicte
858 3862 967 3924 philinus
979 3863 1052 3925 legit,
1061 3862 1124 3910 nibil
1136 3863 1235 3925 plenius
1247 3871 1292 3912 unt
1308 3878 1382 3925 uper·

294 3937 559 3988 esthrdusIndice.
589 3937 732 3987 Dieuc-lib.
748 3951 767 3984 r.
858 3939 916 3985 tius.
951 3938 1063 3987 Retenta
1081 3951 1141 3985 vero
1157 3938 1284 3986 communi
1301 3937 1381 3996 scrip·

326 4017 356 4061 17
374 4011 462 4074 Euius]
480 4012 606 4060 Bncebur.
857 4021 924 4074 turc,
938 4021 1039 4061 veteres
1051 4013 1323 4077 sequorinterpretee:
1341 4019 1381 4072 ut,

327 4092 357 4135 18
375 4088 503 4150 Quispuer
512 4086 594 4150 ocyus]
616 4084 741 4148 Loqrritur
753 4084 817 4134 Poli-
856 4093 958 4136 mur-et
969 4095 996 4135 et
1014 4095 1137 4151 properet
1152 4087 1239 4134 renire
1249 4085 1315 4147 Lpde
1325 4086 1381 4132 reii-

295 4168 332 4221 ta,
343 4163 415 4225 quasi
430 4163 487 4224 jem
498 4164 530 4212 rit
541 4165 567 4210 in
583 4160 709 4222 conuiuio,
720 4162 817 4223 dicens,
854 4171 913 4226 geio
923 4180 1011 4213 cornum
1026 4165 1053 4212 ln
1071 4164 1164 4212 nodum
1182 4163 1294 4209 Lseaenn
1308 4174 1380 4209 mure

293 4236 352 4299 quia
374 4248 463 4284 ssrrus
485 4234 649 4299 refrigerabit
669 4238 760 4298 pocula
778 4251 817 4287 ar·
857 4247 997 4303 comptum.
1032 4238 1111 4287 Vetat
1131 4236 1197 4285 enim
1214 4247 1270 4285 erm
1286 4248 1381 4298 magno
