3022 5062
428 380 584 427 ιιοιιιτιι
614 381 881 465 setannanuu
908 383 980 431 ιιι.
1006 385 1029 431 ι.
1050 367 1101 432 18.
1217 370 1303 436 1885

211 519 273 584 lpse
293 519 434 568 Horatius:
450 515 494 568 ‘Si
513 521 581 570 lotus
599 527 643 568 sut
662 534 737 569 renes
773 523 854 571 lentio
864 525 972 573 transire
984 524 1056 576 nefas
1067 526 1119 576 eit:
1136 534 1163 576 et
1174 541 1302 578 suneounr

211 598 299 645 morbo
315 603 448 642 tententur
458 595 552 644 semol
570 597 677 644 Torrent.
710 595 738 644 Si
767 597 832 644 ‘vino
845 597 1031 656 incalescimus,
1044 601 1123 664 tepidi
1135 603 1172 651 illi
1186 617 1303 666 vapores,

212 675 300 718 tentent
312 669 423 731 crimino]
440 670 465 717 Si
478 669 667 719 malevolifalro
679 685 737 720 eum
773 680 853 734 eaput
877 675 956 723 veluti
974 689 1060 724 arcem
1079 685 1208 740 petentes,
1227 681 1301 728 nobis

210 744 327 804 culpent,
337 757 432 804 serves,
443 744 470 792 iil
482 753 531 799 est,
543 759 647 793 serrare
659 746 737 795 debes
774 748 874 796 molesti
887 755 957 798 sunt·
974 750 1083 799 Torrent.
1119 750 1234 816 Vepuree]
1249 754 1301 802 Vs·

212 831 321 880 eumque
334 819 424 867 tutari,
773 835 849 884 porea
862 823 924 873 sini.

243 895 275 940 82
297 893 375 940 Dente
392 893 509 941 Theonino
526 909 596 956 quum
612 895 736 944 circumro-
804 901 836 946 91
853 898 928 946 Deme
947 898 1070 960 supercilio
1092 897 1303 961 nuteu1‘From
1370 914 1375 923 ·

210 969 288 1032 duur]
312 968 351 1016 De
371 969 473 1019 Theone
491 971 559 1032 quod
579 971 662 1019 dicem
685 987 734 1020 non
772 971 886 1033 bomini,’
903 973 1101 1036 mquitt’tmim,
1115 974 1303 1036 ‘tristiumu-

210 1044 303 1105 ltabeo,
323 1045 371 1092 nisi
390 1044 458 1108 quod
480 1046 607 1100 leominem
626 1063 657 1095 ea
674 1056 735 1096 ets·
772 1049 892 1104 ιιιίιιιίι,
915 1049 1072 1109 clementie,
1093 1048 1238 1098 severium
1265 1050 1303 1098 in·

211 1131 238 1169 te
266 1121 534 1169 maledicentissimum
560 1120 638 1171 tuisse
664 1126 736 1174 aiunt
772 1123 840 1172 dex:
858 1125 882 1171 in
907 1138 1013 1173 ascensu
1032 1124 1090 1187 ejus
1110 1126 1258 1187 supercilia,
1276 1133 1304 1175 et

127 1265 131 1270 Ι
211 1195 390 1245 Grammatiei.
408 1197 458 1244 Adi
470 1197 613 1246 victorium
626 1212 683 1249 xvi.
695 1204 735 1249 19.
773 1202 871 1264 pariter
892 1209 920 1250 et
938 1203 1037 1250 alterne
1056 1202 1169 1266 mobilis,
1183 1211 1211 1253 et
1229 1205 1303 1253 iniis

111 1337 114 1346 Ι
209 1279 236 1318 st
255 1285 311 1320 xvi.
323 1275 361 1319 ts.
374 1272 416 1320 nbi
426 1274 531 1336 egregie
543 1273 576 1322 de
594 1290 679 1332 versu,
692 1277 736 1339 qui
773 1290 833 1339 puro
845 1275 938 1325 animi:
955 1290 1088 1339 negamus,
1098 1278 1303 1340 annulumqhaee

210 1361 268 1395 mox
287 1349 410 1411 sequitur,
422 1350 736 1414 Nomtuoresogitsr,85o.
773 1353 883 1401 maxime
904 1352 1019 1400 indicant
1038 1351 1150 1414 fastum,'
1171 1357 1220 1404 tlte.
1253 1357 1304 1404 Ea·

207 1423 279 1472 Tort.
298 1425 377 1472 Dente
388 1425 624 1487 TlteuooioJInuidia
635 1426 737 1477 detrec·
774 1429 884 1493 demque
903 1428 1004 1478 ratione
1023 1421 1149 1491 supercilii
1159 1431 1242 1480 ιιιώαιι
1262 1433 1302 1480 liic

209 1499 345 1548 tetoribus.
380 1502 438 1549 Fuit
456 1502 541 1550 Theon
559 1502 642 1553 Poeta
659 1506 738 1553 mele·
776 1504 883 1553 Flaccus
906 1511 1005 1563 noster,
1023 1512 1051 1551 ιιι
1064 1503 1303 1561 frontienulieeulem

209 1575 407 1625 (licentissimus.
775 1580 801 1628 in
814 1579 931 1627 Pisonem
942 1578 1043 1638 Cicero,
1054 1578 1159 1628 dixere:
1177 1580 1238 1643 qnia
1249 1581 1304 1629 vul·

242 1655 274 1698 84
293 1651 356 1698 Num
371 1656 413 1698 teo
431 1665 469 1698 ree
482 1652 576 1715 agitur]
593 1654 644 1702 Res
657 1662 701 1702 tua
711 1656 737 1702 in
776 1662 817 1702 tua
829 1654 985 1702 hilaritatem
998 1653 1111 1708 tristitie,
1123 1661 1152 1703 ιιι
1163 1655 1222 1703 coeli
1234 1669 1304 1704 sere·

211 1725 327 1786 periculo
339 1733 464 1774 versetur.
776 1728 883 1777 nitatem
893 1729 982 1776 nubila
992 1726 1134 1791 depellunt.
1159 1730 1191 1778 P.
1203 1731 1303 1779 Victor.

243 1804 275 1848 89
292 1801 376 1849 Dulcis
395 1800 539 1862 inexpertis]
556 1802 597 1852 Ad
618 1804 738 1852 minium
776 1816 834 1852 xvi.
858 1807 897 1853 14.
924 1804 1032 1852 Torreat.
1069 1805 1146 1854 Deme
1169 1805 1305 1868 supercilio]

211 1879 277 1926 enim
288 1876 398 1926 offensas
407 1879 572 1941 indignantur
580 1881 740 1942 grauissime,
776 1877 857 1927 Auser
867 1893 881 1926 a
893 1879 1116 1929 vultutrietitism.

209 1963 237 2002 et
263 1954 395 2016 plumbeas
424 1955 474 2002 itas
502 1965 605 2018 gerunt,
630 1964 737 2006 suetore
807 1958 838 2003 98
859 1955 1177 2019 Occupotolneroiepeeiem]
1194 1956 1304 2006 Obtinet

210 2030 320 2080 Pluttto:
339 2031 376 2078 ita
398 2039 500 2081 utnon
518 2032 611 2095 injuria
627 2031 737 2095 dicetur,
775 2032 888 2093 speciem
906 2031 1013 2079 hominis
1030 2033 1105 2080 teeti.
1141 2032 1254 2095 Olmri]
1273 2032 1303 2081 td

206 2105 312 2154 ‘Aulion
323 2106 644 2169 vitaaptendidamiseris!
663 2110 736 2170 Crnq.
775 2114 824 2166 est,
840 2105 944 2154 minime
960 2106 1052 2169 aperti,
1069 2108 1150 2172 qualis
1167 2122 1242 2171 quent
1260 2107 1304 2155 tic-

210 2182 310 2231 Cultmu
325 2182 439 2245 potentis]
456 2183 547 2233 Cultus
559 2194 585 2234 et
597 2184 736 2233 observan-
776 2190 829 2231 tutu
851 2191 1017 2246 astutumque
1042 2197 1172 2233 vocemus.
1204 2183 1304 2244 Acerti]

210 2260 254 2307 tia.
777 2257 896 2306 Hominis
906 2258 1043 2306 inhumani.

241 2336 272 2380 87
291 2334 412 2395 Expertus
422 2333 517 2395 metuit]
533 2335 669 2393 Metuet,et
678 2348 737 2382 mox
807 2336 840 2380 99
856 2332 940 2394 Leges,
955 2334 1009 2396 ipe]
1035 2333 1117 2396 Leges
1137 2333 1305 2398 Philosoplio·

208 2409 277 2457 munt
288 2423 347 2456 euro
357 2408 521 2471 proserot‚·in
533 2409 633 2458 dnobus
642 2409 737 2457 codici·
776 2422 832 2457 rum
843 2409 929 2458 libros.

209 2484 276 2533 bus:
301 2497 349 2532 nee
369 2485 444 2533 male.
469 2487 578 2534 Torreat.
616 2487 739 2546 &pertus
808 2487 838 2531 er
857 2483 968 2542 Leniter]
983 2482 1182 2531 sinsinolestis.

209 2558 305 2621 nnsis]
333 2560 384 2611 Qui
413 2560 557 2622 perieulum
584 2558 659 2616 fecit,
687 2571 738 2604 me·
808 2560 841 2604 98
860 2558 932 2604 Nete
943 2556 1045 2616 semper]
1062 2557 1158 2604 Mirum
1168 2557 1241 2603 estin
1253 2571 1306 2604 om·

211 2635 270 2683 tuit.
776 2630 851 2678 nibus
871 2631 935 2678 Μιι.
949 2629 1001 2689 legi
1019 2629 1085 2676 Num
1101 2636 1141 2686 te,·
1152 2629 1239 2679 demto
1255 2645 1306 2680 uno

241 2713 273 2755 88
291 2709 345 2755 Hoc
359 2708 415 2768 nge]
432 2707 504 2753 Bene
515 2705 548 2752 de
559 2706 607 2752 hac
619 2703 739 2766 loquendi
778 2707 832 2754 Non
849 2710 883 2765 te,
899 2713 926 2754 et
945 2706 1027 2753 altero
1039 2705 1137 2755 Necte:
1157 2720 1233 2754 versu
1245 2706 1305 2756 item

208 2781 317 2830 turmula
335 2781 482 2842 Lemnium,
499 2787 528 2828 et
545 2780 690 2828 Brissonius
706 2780 739 2828 de
777 2782 896 2846 sequenti
918 2782 974 2830 Non
990 2796 1073 2845 meon,
1090 2790 1134 2831 eut
1152 2783 1205 2832 Ner
1220 2798 1306 2845 pavor,-

210 2861 343 2909 Formulis.
365 2860 473 2908 Torreat.
507 2858 561 2906 Hor
576 2872 670 2921 egem
688 2873 738 2906 neo·
776 2859 904 2919 volgatam
926 2868 1011 2906 temen
1031 2859 1183 2921 scripturum
1200 2860 1306 2910 retineo.

209 2942 260 2986 toto
276 2945 401 2984 retrorsum
413 2936 509 2995 teserot
518 2934 589 2996 utero]
607 2934 637 2982 ln
650 2936 697 2983 line
710 2949 737 2983 re
777 2935 885 2983 Torrent.
910 2935 981 2998 Inops
991 2933 1087 2998 cupido]
1099 2936 1307 3000 Cupiditnssem·

207 3013 319 3060 studium
334 3023 402 3059 tuum
416 3025 491 3073 pone,
507 3025 539 3059 ne
555 3011 588 3058 ob
605 3011 687 3059 lesem
698 3009 738 3059 os·
776 3024 822 3073 per
835 3025 921 3072 egene.

193 3087 360 3148 tensionem,
377 3088 490 3149 potentis
509 3087 583 3136 umiei
597 3087 737 3136 amicitiam
807 3090 840 3135 99
858 3087 948 3136 &rum
961 3082 1110 3137 mediocriter
1131 3089 1226 3137 utilium
1244 3089 1306 3151 oper]

207 3166 319 3214 omittas.
357 3165 420 3212 Nutu
439 3163 539 3219 divites,
557 3171 661 3211 utente
677 3171 737 3212 sunt
778 3161 824 3209 liet
843 3162 991 3210 rnediocriter
1007 3165 1088 3223 utiles,
1110 3163 1222 3214 fortuma
1240 3165 1307 3212 boun

207 3239 353 3288 mutabiles.
775 3237 901 3298 appellat,
918 3252 975 3299 quoe
993 3245 1122 3301 tamquam
1140 3241 1224 3288 medin
1237 3254 1306 3303 qun-

239 3318 272 3363 89
288 3312 514 3373 Οιιετιιιιιὴἰιαιιιιι]
534 3312 636 3362 Morum
650 3313 737 3362 simili·
775 3310 833 3358 dem
851 3309 976 3370 ἀδιάφορα,
991 3321 1020 3360 ιιι
1037 3313 1126 3361 Greci
1143 3322 1247 3370 vocent,
1264 3317 1307 3362 lia·

208 3389 271 3436 tudo
283 3389 427 3438 necessaris
440 3388 516 3436 estin
528 3388 651 3437 amicitia.
775 3383 861 3432 benda
881 3386 951 3432 sint:
970 3385 1062 3448 quibua
1074 3388 1207 3448 potientes
1218 3404 1307 3438 essere

239 3470 272 3516 90
288 3463 412 3525 Sedotnm]
429 3464 548 3512 Tardum.
572 3463 737 3525 Agilemgnn.
775 3472 827 3506 non
843 3459 926 3506 minor
941 3459 974 3506 sit
987 3460 1055 3519 laus,
1067 3475 1142 3523 quem
1162 3464 1183 3510 ai
1204 3464 1308 3523 habeas,

207 3540 318 3605 nanque]
331 3541 466 3589 Hominem
476 3538 507 3587 ad
518 3539 644 3601 egendum
654 3554 738 3602 prom·
776 3535 883 3583 honeste
892 3535 929 3582 uti
937 3551 944 3593 ς
952 3533 1023 3582 netes
1032 3549 1093 3584 vero
1103 3547 1198 3599 preater
1205 3552 1307 3600 equum

208 3626 270 3670 tum,
282 3624 310 3665 et
322 3624 454 3663 strenuum
466 3615 577 3663 oderunt
588 3616 684 3677 ignavi.
776 3620 911 3676 appetere.
933 3612 1000 3659 Torr.
1034 3612 1125 3659 Rerum
1144 3611 1307 3673 mediocriter]

238 3697 268 3741 91
289 3691 382 3754 Bibali]
401 3691 542 3752 Epitheton
550 3692 599 3740 lieo
610 3706 669 3740 esse
682 3707 739 3741 rer·
776 3689 873 3741 Quales
885 3695 945 3736 ιιιιιι
957 3701 1007 3735 uon
1019 3688 1171 3736 necessarios
1183 3687 1291 3738 divitie.

206 3768 344 3831 bipotores,
358 3780 408 3815 non
428 3767 533 3825 Falerni,
549 3767 619 3830 quod,
635 3767 738 3830 quidem
809 3770 857 3815 199
879 3765 998 3814 Virtutem
1019 3763 1128 3813 doctrino
1147 3765 1227 3829 peret]
1246 3764 1309 3815 Per·

207 3845 272 3896 tslso
298 3846 418 3906 eredunt,
454 3845 571 3895 ostendit
605 3845 678 3893 loeus
706 3860 738 3894 ex
776 3840 1308 3899 ennetsberedootos‚utruinuirtusdoc·

205 3924 289 3986 Epist.
303 3924 335 3972 od
349 3923 487 3974 Villioum:
507 3923 611 3973 ‘Quem
624 3921 737 3971 bibulam
776 3918 846 3967 trine
857 3925 960 3967 constet
969 3931 1001 3986 en
1013 3922 1113 3965 nature.

205 3998 295 4060 liquidi
308 4000 394 4048 medie
405 3997 438 4046 de
451 4004 528 4046 nocte
540 3997 660 4046 Falerni)
679 3998 738 4045 Tor·
809 3999 854 4043 191
875 3996 940 4050 Quid
951 3999 976 4042 te
985 3992 1041 4057 tili]
1059 3994 1128 4045 Quid
1139 3994 1218 4045 faciet
1230 4003 1255 4043 te
1264 3996 1306 4057 ju·

208 4081 269 4122 rent.
380 4100 384 4108 =
776 4070 860 4120 eunde
873 4071 969 4119 vivete.

239 4150 271 4194 99
292 4149 405 4212 Voperes]
424 4151 524 4212 Teporee
546 4151 636 4211 legunt
658 4148 738 4197 ehiro-
808 4150 856 4195 192
886 4147 950 4201 Quill
976 4161 1035 4207 pere
1059 4145 1209 4208 tranquillet]
1238 4143 1305 4190 Vite

209 4225 306 4287 graplm
323 4226 500 4289 omnieqtanto
520 4238 653 4288 consensu,
665 4235 692 4274 ut
706 4224 738 4272 si·
776 4222 988 4287 tranquillitatem
999 4229 1125 4284 exoptant
1137 4233 1241 4268 οιιιιιειι
1262 4217 1308 4266 aed
