3022 5062
302 448 387 512 146⁰
416 449 419 454 ’
651 457 759 504 sure
783 453 980 502 versorum
1007 452 1045 499 rs

302 603 355 648 les:
372 595 440 645 idem
452 594 521 659 quod
534 594 612 651 retnis
626 595 750 658 velleque,
762 593 827 642 utin
865 592 941 640 suevis
960 587 1180 652 objurgationibus
1193 595 1320 650 perpetuo
1336 590 1390 639 luo·

301 669 498 735 proverbioest.
530 669 616 733 Aura]
634 670 723 718 Venti.
864 667 945 715 leuius
954 667 997 714 eit.
1016 665 1125 713 Torreel.
1148 665 1389 727 Metulum,

333 750 366 794 bl)
384 745 451 794 Dure
462 745 530 804 sooel
542 744 601 806 sore]
620 744 661 792 rib
676 741 828 806 opportuni·
864 741 917 803 lico]
929 741 1053 789 Miserum
1061 747 1111 799 est,
1118 754 1162 788 ror
1173 740 1279 801 puellus.
1291 747 1391 800 petrum

302 828 358 870 tete
374 821 507 882 temporis.
540 820 616 870 Feret
637 818 726 881 Vesus]
749 817 828 865 Amor
865 830 964 879 erpere
972 821 999 862 et
1008 814 1188 876 objurgatoria
1196 815 1290 875 lingue
1299 828 1391 875 pareus

302 896 328 944 in
340 903 367 944 te
377 910 459 944 meus.
865 900 919 940 tum
932 893 972 941 rel
983 898 1142 954 poturorum,
1148 891 1266 950 verbere,
1276 891 1391 955 cestige.

335 975 367 1021 si
384 971 605 1035 &elprqeerelourJ
623 969 704 1029 Libri,
714 982 778 1031 quos
788 967 825 1016 ri·
865 970 948 1016 tiones
960 974 987 1015 et
1002 966 1204 1028 objurgetionee,
1220 965 1325 1013 nimium
1338 980 1391 1014 ure·

304 1047 341 1108 di,
350 1062 447 1110 omues,
457 1046 541 1108 &alpe
552 1044 657 1104 hebent,
669 1043 825 1105 oooSsulpe:
865 1050 977 1100 luentes,
989 1040 1135 1103 perturberi
1152 1047 1179 1088 et
1198 1040 1289 1089 timore
1306 1055 1389 1103 prope

302 1135 387 1185 neque
400 1123 575 1182 eliterlegunt
590 1119 827 1183 entiquiinterpre·
866 1119 1013 1170 exanimari.
1039 1115 1126 1166 Lesbis.
1169 1117 1269 1164 Palm
1292 1116 1393 1179 begua]

304 1206 354 1248 tes.
388 1199 536 1258 Lambinus,
553 1196 612 1260 quis
630 1195 781 1258 ‘seelpere,’
799 1203 830 1244 ut
866 1193 1020 1243 Petruorum
1033 1195 1059 1242 in
1071 1192 1177 1240 fratrum
1189 1189 1255 1238 lilios
1266 1191 1391 1238 severitas

302 1273 341 1322 eit
362 1270 486 1321 ‘fodere'
511 1271 648 1334 significet,
675 1271 743 1334 qood
770 1271 829 1319 huic
866 1264 1391 1330 apudRomanosprouerbiocelelrrrtur3

303 1346 362 1395 loco
386 1359 477 1408 perum
497 1346 626 1399 convenit,
643 1345 730 1408 Sculpe
756 1344 828 1393 resti·
866 1352 895 1392 ιιι
907 1345 1195 1407 lricpstreolisgeu‚pro
1205 1342 1291 1402 lingue
1303 1341 1390 1401 objur-

304 1420 363 1468 tult·
395 1419 476 1470 Quasi
492 1433 554 1467 vero
574 1433 625 1468 nou
648 1420 726 1468 etiarn
745 1418 828 1480 ‘gern-
866 1420 982 1481 petrice:
999 1427 1027 1468 et
1038 1417 1107 1481 quod
1119 1419 1165 1476 eii,
1179 1429 1209 1464 rr.
1219 1416 1274 1464 Set.
1286 1418 1310 1462 ⁸.
1326 1414 1392 1462 ‘Ne

304 1510 370 1544 mem
383 1493 516 1557 sculpere’
533 1496 658 1557 dicemus,
670 1503 700 1544 ut
712 1492 829 1542 ‘iniebre
866 1495 901 1543 sis
912 1502 1019 1556 patruus
1030 1492 1109 1554 milri,’
1127 1506 1174 1553 pro
1186 1505 1218 1538 ne
1230 1489 1351 1550 magister
1363 1498 1392 1537 et

305 1571 441 1636 sculptum'
451 1571 547 1620 rubet.
556 1576 580 1621 ³.
591 1571 658 1620 dixit
669 1571 763 1621 Horat·
795 1571 830 1619 Et
866 1583 957 1616 censor
975 1569 1093 1617 accedes.
1121 1567 1228 1614 Tor-rest.
1267 1564 1391 1626 [Schoen-

304 1648 399 1712 eiioqui
417 1647 506 1711 quioris
522 1646 598 1694 modo
616 1654 718 1695 exstare
734 1646 780 1693 riri
796 1646 829 1693 de
867 1642 940 1690 born.
961 1647 985 1690 il.
1014 1641 1154 1691 aminsi.
1182 1639 1295 1701 Guelpb.
1316 1644 1391 1686 usele-

305 1723 404 1784 pietste
415 1735 461 1770 sue
473 1720 646 1769 testimouium
657 1720 763 1770 mundet
775 1720 829 1782 Hy·
865 1716 946 1779 ostiu]

305 1804 478 1860 permncstre,
489 1797 590 1845 etiamsi
602 1796 729 1859 unguibus
741 1796 776 1843 sit
787 1809 830 1844 ex·
898 1796 914 1840 d
934 1792 986 1841 illi
997 1793 1103 1856 qualum]
1118 1793 1227 1840 'l'entuur
1244 1788 1334 1837 obesse
1351 1803 1392 1837 or·

304 1875 438 1923 erendum.
469 1874 555 1921 Taceo
572 1872 722 1920 Diomedem
739 1870 832 1920 Grem·
869 1867 963 1928 trudit,
975 1877 1005 1916 ut
1017 1869 1135 1918 Neobule
1152 1864 1282 1915 interdurn
1299 1863 1392 1912 umoris
1436 1921 1440 1925 1

305 1949 437 2007 melicum,
447 1948 490 2008 qui
506 1945 630 2008 ‘Scelpo’
641 1960 691 1995 nou
707 1945 830 2006 ‘sculpo'
868 1944 1046 2005 egritudinem
1060 1945 1099 1990 vel
1112 1943 1170 1991 rino
1181 1943 1223 1990 rel
1234 1941 1295 1989 ludo
1314 1943 1393 2000 leret,

306 2019 356 2067 dici
375 2020 473 2068 debere
493 2020 611 2071 eredidit.
640 2021 707 2068 Torr.
747 2019 832 2080 Sculpe
869 2014 1392 2078 utnecousuetiquidemoperissllquid

304 2091 432 2152 querelem]
448 2092 482 2137 Et
495 2092 581 2138 scribe
598 2093 775 2154 Epitaphium,
786 2106 831 2138 cu·
867 2098 984 2150 prestet,
994 2099 1105 2136 ruentem
1118 2091 1144 2134 io
1157 2088 1246 2134 Hebro
1263 2087 1338 2134 lixum
1349 2102 1392 2146 ge·

302 2163 346 2223 jus
367 2161 496 2217 memorie,
512 2162 546 2208 ob
562 2163 639 2209 vitm
657 2170 727 2211 tuum
743 2175 830 2209 servs·
867 2176 934 2210 reue·
967 2161 1196 2210 ‘Quoius’eutem
1208 2160 1312 2207 rimiuei
1324 2161 1392 2209 rosis

304 2232 589 2292 tem.sitserupiterue.
627 2264 634 2274 ι
867 2247 956 2293 genus,
977 2233 1009 2281 ed
1035 2236 1173 2282 multarum
1194 2249 1278 2283 rerum
1301 2251 1391 2298 usum

305 2307 368 2357 Our
382 2319 432 2355 ιιι.
456 2302 619 2364 nupwrrorlr.
653 2303 698 2353 Au
718 2301 828 2352 Nsosu-
866 2321 917 2370 quo
929 2308 1055 2357 rocebulo
1067 2323 1113 2371 pro
1122 2309 1222 2358 cistelle
1232 2324 1278 2359 seu
1289 2313 1392 2360 colerbo

337 2394 400 2430 bers.
433 2379 553 2429 Neobule
565 2379 649 2429 Hebri
658 2379 829 2428 odolescentis
866 2381 898 2428 ed
910 2379 1060 2432 feminarum
1072 2397 1151 2445 pense
1163 2386 1245 2433 utitur
1255 2386 1296 2433 bic
1308 2386 1394 2434 Hore·

335 2470 423 2505 umore
441 2456 619 2518 cepte,riteru
637 2454 692 2518 egit
709 2455 828 2516 inertem,
866 2459 925 2505 tius.
960 2459 1061 2512 Οιιιιιιιι
1077 2458 1201 2520 Cytherea
1222 2458 1291 2520 puer]
1317 2461 1393 2509 Celo·

286 2543 293 2554 ‘
339 2539 367 2579 et
379 2531 542 2580 desidiosum.
867 2532 936 2578 tluuu
950 2546 996 2593 pro
1006 2532 1123 2580 lanificio.
1144 2533 1212 2594 Ales]
1229 2534 1392 2594 Cupidoele·

341 2604 574 2667 [Venderburgius,
585 2604 675 2653 latiur
686 2610 769 2651 metro
784 2617 829 2652 suo
867 2604 986 2670 inutilius
1002 2607 1120 2667 Veneris,
1134 2622 1193 2668 quse
1210 2622 1225 2654 e
1242 2615 1327 2656 monte
1339 2610 1392 2671 (ly-

306 2681 500 2743 Freucogullico
510 2689 665 2743 equeturur,
673 2679 739 2727 hunc
752 2678 829 2727 Oden
869 2681 942 2729 tlrero
953 2681 1023 2729 dictu
1033 2689 1072 2727 est
1085 2681 1223 2743 Cytlreres.

305 2759 332 2808 ln
348 2756 517 2820 quadraginta
532 2757 671 2802 versiculos
683 2754 830 2816 descripsit,
900 2761 914 2802 5
935 2755 990 2802 rili
1007 2757 1076 2815 telos,
1096 2755 1151 2817 iro]
1180 2757 1281 2818 Cupido
1302 2772 1391 2806 ornnes

307 2841 336 2880 ut
353 2838 414 2877 ente
432 2827 532 2875 fecerat
548 2828 732 2876 Predicouius
747 2829 772 2875 in
789 2829 831 2877 ed.
869 2829 1004 2886 virginales
1016 2843 1115 2890 operire,
1126 2831 1256 2891 studia,et
1266 2834 1392 2881 croscule

306 2902 512 2963 Horatiislilbb]
868 2901 915 2949 tibi
926 2901 1009 2949 erriert
1020 2919 1027 2950 ι
1046 2903 1128 2962 tibi‚o
1146 2904 1273 2967 Neobule,
1284 2908 1392 2956 eximius

341 2981 354 3024 l
373 2976 519 3025 Miserarum
528 2976 575 3039 ert]
592 2976 616 3024 0
628 2976 829 3025 Neobulemiee-
868 2975 910 3023 ille
926 2976 995 3023 nitor
1011 2984 1037 3024 et
1051 2979 1214 3037 pulchritudo
1226 2981 1308 3029 Hebri
1318 2983 1392 3042 jure·

306 3060 450 3112 resurrect,
462 3052 487 3100 id
500 3061 549 3112 est,
565 3052 665 3100 miserie
682 3056 741 3098 suut
759 3051 829 3099 rouli·
868 3051 917 3111 nis,
926 3065 958 3099 ex
965 3051 1067 3113 Lypers
1075 3053 1156 3101 insule
1167 3055 1277 3115 oriundi,
1287 3060 1390 3118 qualum

306 3140 441 3188 eree,que
461 3127 486 3175 in
499 3139 584 3175 amore
599 3140 650 3174 nou
669 3126 775 3188 copiunt
786 3140 829 3174 ro·
868 3133 894 3174 et
914 3125 1063 3186 lanificium,
1086 3129 1135 3177 tibi
1155 3131 1220 3179 teies
1239 3139 1266 3179 et
1284 3133 1391 3180 terrendi

307 3204 443 3265 luptetem,
462 3216 544 3265 neque
561 3203 618 3251 vino
629 3203 666 3249 sic
678 3201 830 3261 hilarentur,
867 3203 1030 3261 exercitium,
1042 3216 1157 3264 operose.
1167 3204 1234 3252 illius
1251 3206 1390 3258 coredulus

306 3286 335 3327 ut
356 3293 371 3325 e
392 3292 419 3325 se
437 3278 534 3339 pellant
552 3282 672 3335 curaturi
689 3290 746 3336 qrrae
758 3282 829 3323 metu
868 3276 1003 3337 Mineruae,
1016 3279 1114 3338 adimit,
1126 3279 1223 3340 tibique
1240 3294 1255 3326 e
1272 3280 1390 3329 menibus

306 3353 484 3401 exanimentur
500 3358 605 3414 propter
615 3349 700 3410 putrui
709 3348 830 3412 objurge-
867 3351 981 3399 excutit:
1014 3353 1089 3400 simul
1115 3353 1242 3414 speciosos
1270 3353 1390 3404 hermerus

306 3429 404 3476 tiones:
432 3427 499 3474 solet
523 3424 589 3472 euim
610 3431 721 3485 patruus,
743 3421 830 3471 fratris
868 3439 936 3485 euos,
954 3427 1011 3474 oleo
1027 3435 1128 3487 unetos,
1147 3428 1172 3474 lu
1184 3427 1260 3475 ricini
1277 3425 1391 3478 fluminis

306 3502 401 3550 liberos
412 3500 527 3549 severius
539 3497 738 3561 reprehendere,
753 3512 830 3561 quoru
868 3501 953 3560 undis,
964 3509 1024 3562 post
1035 3503 1170 3564 exercitis,
1178 3503 1268 3559 abluit,
1278 3507 1327 3552 dre.
1340 3505 1390 3553 Le-

307 3575 458 3638 puteripsc.
493 3575 573 3635 Neque
589 3572 675 3634 umori]
694 3574 785 3637 Neque
804 3574 829 3621 iu
867 3575 941 3625 binus.
973 3577 1150 3639 ‘Operoseur'
1168 3592 1228 3626 uero
1245 3579 1390 3628 Minerreru

306 3665 392 3698 aurore
406 3649 534 3699 colludere
543 3651 583 3697 vel
596 3650 675 3697 aurosi
687 3650 829 3711 indulgere.
868 3653 991 3713 appellet,
999 3666 1050 3700 uon
1063 3654 1101 3700 uri
1113 3655 1185 3716 operi
1196 3654 1333 3715 intentum,
1344 3654 1391 3703 red

307 3728 365 3775 vid.
377 3728 455 3775 Turn.
468 3740 547 3774 xxiv.
558 3732 597 3775 ll.
867 3726 1023 3776 diuersurum
1047 3727 1140 3776 ortium
1167 3726 1335 3787 effectricem,
1362 3737 1391 3776 et

339 3807 355 3851 2
373 3804 443 3852 Dulci
460 3803 532 3864 molo]
549 3802 727 3851 Amorismslu
738 3803 830 3851 inlelli-
867 3801 1028 3849 nihilomiuus
1050 3802 1110 3850 belli
1127 3803 1264 3852 dominum.
1283 3803 1390 3853 Torreat.

307 3893 414 3941 go‚qrue
430 3879 487 3927 rino
506 3879 631 3928 eluuntur.
665 3879 765 3939 lasere,
776 3879 830 3940 out]
868 3875 1143 3939 [arripuerimus]

307 3953 415 4001 Diluere
439 3968 555 4014 curem
581 3955 665 4013 ιΙιιιο,
683 3955 722 4015 is‚’
747 3956 829 4003 tertie
900 3951 1039 4000 bSludium
1050 3952 1390 4017 miserlJStudiomleoilioii

307 4028 504 4091 conjugationis.
554 4029 708 4090 Erusimorr']
746 4025 829 4077 Vebe·
868 4029 909 4075 cui
936 4029 1044 4076 massine
1074 4036 1168 4090 preest
1189 4030 1307 4077 Minerua
1334 4026 1391 4076 Dee

306 4113 406 4151 menter
417 4103 534 4151 cruciari.
868 4117 985 4164 operose.
1019 4102 1132 4164 Lpporoei
1147 4104 1210 4151 nitor
1229 4099 1317 4160 Hebri]
1334 4100 1389 4148 Pro

340 4179 354 4220 τι
384 4178 537 4238 Eeuuimuri]
564 4176 622 4225 Hoc
647 4183 697 4234 est,
725 4177 830 4239 perinde
868 4178 975 4226 Hebrus
992 4179 1058 4241 ipsc,
1075 4179 1310 4240 petriublperaeue,
1325 4181 1392 4236 ηριέ

310 4248 429 4310 crucieri,
441 4267 471 4301 ec
483 4253 504 4301 ei
515 4252 613 4302 tristior
623 4250 714 4314 eliquit
724 4261 831 4315 patruus
869 4258 1010 4317 φραστικῶι,
1022 4264 1051 4305 ut
1066 4258 1160 4319 possim
1174 4255 1312 4319 loquuntur
1324 4254 1392 4305 Poe-
