3022 5062
437 437 596 486 ιιοιιιτιι
622 437 886 488 ιιιετοιιιιιιιι
912 441 983 488 nin.
1008 441 1032 490 ι.
1056 427 1107 489 11.
1225 428 1309 495 1805

220 576 267 626 iiia
278 575 396 625 videntur
408 577 477 639 vilio,
491 579 685 640 comparatione
696 576 749 627 iae·
785 578 843 642 quia
854 593 882 627 aa
897 579 955 629 loco
966 581 1071 644 alligem
1092 596 1124 632 nc
1134 581 1310 632 inconstanter

222 657 249 700 ta
261 665 318 700 eum
330 650 427 713 Campo
439 650 536 700 Mettio
547 659 575 700 et
586 653 687 700 Roma?
786 667 817 701 ac
830 653 924 703 ieviter
941 664 1009 719 agat.
1027 658 1133 707 Torreat.
1169 657 1255 706 Galiia
1270 659 1310 707 de-

255 731 270 773 ti
286 724 327 773 Aa
338 727 403 773 uenit
418 725 444 774 ιἰι
458 726 549 788 mura]
566 725 606 774 Αιι
619 727 666 775 tibi
677 735 751 790 opta·
786 728 884 790 certior]
902 729 980 779 Gabii
991 738 1018 779 et
1031 731 1136 781 Fidenae
1149 734 1209 782 runt
1219 734 1310 783 civita·

222 797 282 848 iriiia
294 805 334 848 eat
346 813 396 847 nna
407 813 440 848 ex
453 800 633 864 minitrumque
645 801 692 850 auli
703 801 750 850 At·
787 801 994 860 taasabinormp.

222 875 275 923 taio
287 874 408 937 Pergami
418 889 476 938 rege
490 875 610 926 inerunt?
637 878 752 927 Attalicis
819 881 835 925 8
856 877 941 927 Vicere
951 877 1043 940 uellem]
1059 879 1154 930 Vivere
1171 896 1221 931 nnn
1239 898 1310 934 recu·

222 963 253 998 ex
272 949 388 1011 mittar}
401 950 474 1000 Inter
497 966 560 1015 quaa
581 952 685 1008 Trallia,
706 966 751 1003 aea
787 967 879 1007 rerem·

220 1023 322 1073 Traliea
342 1025 514 1075 multitudinis
534 1041 649 1089 numero,
668 1027 751 1078 Attali
784 1076 785 1080 ,
819 1029 975 1093 animm]
991 1029 1098 1080 Oblitus
1114 1030 1312 1095 propinquorum

223 1098 283 1148 oiim
301 1100 381 1165 regia,
400 1107 467 1150 teate
482 1101 577 1151 Plinio.
609 1102 676 1152 Vide
693 1119 751 1167 qnoe
787 1111 814 1152 et
826 1106 926 1167 patriar.

223 1174 309 1223 notari
318 1175 363 1223 tib.
376 1187 407 1223 ιι.
419 1175 472 1224 Od.
483 1179 523 1226 iti.
539 1175 638 1226 ‘Attali
648 1177 751 1240 ignotus
820 1184 851 1229 io
868 1181 1007 1243 Neptunum
1025 1182 1132 1242 procule
1149 1179 1227 1242 term]
1243 1181 1313 1230 Indi·

221 1249 319 1305 ,irrerea’
338 1252 445 1302 Torreat.
787 1263 832 1304 cat
854 1264 939 1304 autem
960 1254 1044 1303 Poiita
1063 1255 1215 1304 maritimam
1236 1254 1314 1305 iciam
1419 1312 1420 1315 Ἴ

253 1325 327 1376 oli
348 1327 465 1376 laededam
482 1329 575 1391 madar]
598 1330 629 1379 Id
650 1344 751 1396 qnoque
787 1331 928 1392 Lebedum,
947 1346 1024 1395 equa
1043 1327 1196 1396 prorpectua
1207 1339 1276 1381 earet
1287 1333 1313 1380 in

222 1399 346 1463 oppidum
361 1401 466 1464 Strabo,
482 1411 509 1452 et
526 1404 597 1454 Mela
613 1405 695 1455 Ioniae
708 1414 750 1455 at·
787 1420 867 1456 marc.
896 1407 1005 1456 Torreat.
1053 1407 1201 1470 Neptunum]
1226 1407 1312 1455 Marc.

223 1474 347 1532 tribuant,
359 1475 456 1531 dietam
468 1492 483 1526 a
495 1478 644 1541 Colophone
661 1481 750 1530 aradiia
787 1480 909 1545 Spectato]
921 1483 957 1532 Ut
968 1482 1135 1545 prospiciam.

223 1553 280 1600 tto.
314 1550 350 1600 At
367 1551 495 1602 Horatiae
512 1551 631 1610 fortunae,
647 1570 751 1618 compa·
822 1562 848 1606 11
863 1555 1313 1619 Μιιφιιᾳιιίΰαριιῌιιὶιιιιιιιι

222 1627 322 1675 ratione
345 1627 452 1677 aliarum
474 1629 530 1692 ejua
554 1631 693 1692 provincie
710 1647 751 1681 nr·
788 1632 892 1682 Horatii
911 1629 1067 1681 confutantis
1083 1631 1190 1680 Bullatii
1210 1641 1314 1683 centen-

222 1703 302 1766 bium,
322 1706 399 1754 airon
428 1707 579 1770 appellarit,
600 1717 633 1758 ct,
649 1709 751 1773 quidem
788 1708 851 1756 tiam
863 1723 878 1756 a
890 1706 975 1767 rimiii,
984 1705 1093 1768 perinde
1105 1720 1135 1755 ae
1147 1707 1168 1754 ai
1180 1704 1269 1755 dicat:
1286 1707 1314 1754 st

225 1778 668 1844 FideniaGabiiaqoederertlorem.
700 1785 753 1833 Ga·
789 1782 867 1830 vitam
884 1782 998 1830 metiaris
1015 1779 1116 1830 felicem
1127 1788 1174 1831 aut
1185 1780 1314 1831 infelicem

205 1852 259 1902 ,bit
271 1862 369 1914 autem,
380 1857 448 1905 unde
464 1858 651 1919 ‘nicomiam’
669 1860 753 1909 ‘cino
789 1871 822 1908 ex
845 1858 983 1907 commodis
1004 1858 1053 1908 loci
1075 1858 1116 1907 vei
1138 1856 1314 1913 incommodis,

225 1936 318 1993 tueque
329 1930 464 1994 Gabinna‚’
477 1934 753 1991 Volscomm,1·¹idenoe
789 1951 852 2001 ergo
860 1937 885 1986 in
895 1937 988 1986 itinere
1000 1936 1088 2001 Capua
1100 1938 1207 1987 Romam
1220 1952 1314 2001 caupo·

224 2004 257 2054 ad
273 2005 384 2056 Tiberim
404 2008 564 2071 Latinorum,
582 2010 641 2059 oiim
658 2011 754 2075 oppida
770 2052 773 2060 .
788 2027 846 2063 nam
857 2012 941 2076 delige
958 2010 1112 2076 defatigatur
1124 2004 1215 2062 latore
1227 2026 1314 2076 arper-

224 2080 315 2131 t'nere:
333 2082 457 2147 additque
468 2086 615 2135 nonnullam
624 2086 684 2136 huie
696 2087 753 2137 ioco
789 2103 841 2148 aaa,
853 2087 896 2136 ubi
909 2095 1034 2150 perpetuo
1046 2088 1126 2135 rivae.
1146 2087 1218 2149 cmo.

223 2159 341 2222 gratiam,
363 2159 385 2209 ai
403 2159 441 2208 iria
464 2160 526 2210 iocir
548 2159 752 2226 (quodquidam
821 2166 853 2211 lt
873 2159 968 2222 Vicere]
984 2161 1081 2210 Vivere
1092 2167 1228 2222 perpetuo.

223 2232 382 2301 affirmarunt
402 2235 585 2300 Grammatici)
605 2238 689 2286 vicina
703 2235 753 2286 init
806 2240 852 2286 ¹lt
873 2238 962 2298 Fra'gce
970 2236 1077 2299 collegit]
1091 2234 1181 2298 Frigua
1193 2241 1315 2284 contrax-

224 2308 327 2359 Horatii
340 2312 408 2362 viiia.
442 2312 571 2363 lebedum
590 2322 677 2363 autem
692 2328 752 2364 con·
790 2315 821 2364 tt.
853 2310 1086 2374 Famoaetlmlrea]
1106 2311 1200 2360 Focum
1214 2312 1254 2360 rel
1273 2325 1314 2360 ca-

205 2416 208 2424 ·
224 2396 303 2437 ventu
320 2388 438 2453 indiaque
459 2391 618 2440 acenicorum
634 2392 660 2438 in
676 2391 753 2440 hono·
789 2405 842 2439 ram
852 2389 1000 2440 furnariam.

224 2475 278 2512 rem
290 2463 376 2513 Liberi
389 2465 615 2529 patriaqootanoia
627 2464 753 2514 celebrari
823 2468 853 2514 it
874 2456 909 2513 Ut'
924 2463 1088 2525 fortunatam]
1114 2465 1200 2513 Veluti
1214 2479 1247 2512 ea
1257 2478 1315 2526 qooe

224 2539 307 2588 colere
326 2548 446 2589 anctorea
467 2539 583 2600 tradunt,
603 2539 648 2589 aad
671 2539 754 2587 Polite
790 2539 893 2588 omnino
906 2546 1031 2600 prestant
1043 2539 1121 2585 viram
1133 2538 1244 2585 beatam.

223 2615 346 2677 mojorem
359 2615 417 2663 anni
427 2623 528 2676 partem
537 2614 659 2674 respexit.
676 2613 752 2664 Quod
825 2615 855 2658 to
875 2612 905 2657 la
916 2610 977 2672 alto]
994 2611 1025 2657 ln
1038 2611 1100 2657 mari
1110 2609 1253 2670 dirJecerit.

223 2702 286 2737 vera
305 2689 430 2752 seqnitur.
455 2688 507 2735 odio
526 2686 600 2733 moria
618 2691 686 2746 atque
702 2686 753 2733 oio·
825 2686 856 2731 iti
874 2684 950 2731 iiam
967 2685 1077 2742 AEgeenm
1098 2682 1175 2743 omre]
1201 2682 1269 2733 Vide
1286 2699 1317 2744 ιι.

224 2775 287 2822 rum,
309 2775 360 2809 non
383 2759 463 2818 aliud,
483 2760 585 2822 opinor,
614 2757 753 2821 fignificat,
793 2757 844 2807 0d.
856 2762 898 2806 10.
936 2756 1041 2819 Venitne]
1057 2756 1177 2806 Vendere
1186 2757 1291 2808 debera.

224 2848 303 2898 quam
319 2833 460 2883 Baliarium
472 2834 525 2882 iilic
536 2833 633 2882 diutina
643 2847 754 2882 commo·
824 2835 855 2881 li
873 2831 999 2894 Incolumi]
1013 2829 1117 2880 Homini
1130 2845 1198 2881 rania
1213 2835 1315 2882 nentis.

225 2915 309 2958 ratum
326 2907 414 2968 iniere,
432 2906 500 2971 quod
512 2921 571 2956 enm
582 2907 673 2956 infelix
683 2906 754 2958 forte
792 2908 910 2970 Mitylene
930 2906 1024 2970 pulcra]
1053 2905 1128 2955 inter
1153 2914 1213 2957 octo
1240 2908 1316 2958 urben

227 2990 296 3033 terra
310 2983 425 3046 marique
443 2983 469 3030 in
488 2981 576 3031 Ariani
593 2982 643 3030 iter
653 2981 754 3031 haboia·
791 2981 868 3031 Lesbi
879 2981 968 3030 inauloe
979 2979 1028 3031 init
1039 2982 1094 3030 itoec
1104 2980 1272 3045 nobiliarima,
1281 2984 1315 3034 de

226 3067 275 3120 ret,
286 3057 441 3108 eamdcmin
459 3057 546 3106 reditu
561 3055 690 3105 fortunam
701 3071 753 3107 me·
791 3072 842 3122 qua
858 3072 877 3106 ι.
894 3057 946 3108 0d.
962 3061 986 3106 i.
1003 3058 1139 3122 magnifice
1156 3060 1260 3123 quidem
1278 3069 1316 3109 at·

225 3137 334 3185 taebat:
353 3133 418 3183 node
431 3132 478 3182 viae
490 3133 525 3183 ilii
538 3134 666 3196 mariaque
679 3132 753 3182 farti·
791 3148 841 3197 que
860 3134 994 3196 eleganter
1018 3133 1154 3184 admodum
1177 3135 1314 3194 aedificata,

225 3215 306 3263 dium.
326 3213 433 3261 Torreat.
465 3211 506 3259 Aa
525 3210 642 3259 laededam
657 3211 752 3274 midae]
791 3209 837 3257 aed
848 3210 931 3258 minua
942 3209 1084 3272 prudenter
1093 3211 1183 3273 polita,
1192 3211 1236 3259 ubi
1247 3225 1317 3259 nem-

211 3287 347 3337 ,tenedus
369 3295 409 3335 eat
427 3285 507 3334 looioe
523 3284 646 3348 oppidum
667 3286 753 3334 derer-
791 3297 825 3346 pe
838 3283 933 3332 Αιιιιιο
941 3283 1019 3334 flente
1027 3293 1185 3348 aegrotarent
1193 3285 1316 3347 immines,

209 3372 281 3411 *turn
294 3362 370 3424 juata
387 3374 468 3421 mare,
486 3360 553 3409 unda
569 3361 653 3409 nullna
670 3359 754 3409 incola
792 3359 859 3407 Coro
872 3359 1004 3415 territent,
1016 3361 1199 3422 Septentrione
1215 3361 1317 3410 demum
1349 3388 1354 3398 ι

227 3435 384 3484 andetmare
396 3436 515 3484 transire.
792 3433 1000 3482 reatitrrereotur.
1039 3433 1082 3481 lta
1098 3435 1240 3483 Vitruviae.
1260 3435 1319 3483 Tor·

259 3510 353 3566 idcir,
370 3509 477 3560 iadedca
493 3525 562 3574 paam
576 3510 621 3573 ait]
638 3511 680 3561 ita
699 3512 753 3575 qni·
791 3514 852 3557 reat.
885 3506 1069 3568 Palclunfocit]
1087 3507 1190 3558 Rhodus
1198 3519 1238 3557 eat
1250 3510 1318 3557 inm·

228 3587 285 3636 dem
296 3586 432 3635 Lambinua
442 3601 457 3632 ε,
467 3586 513 3634 aed
526 3588 620 3635 retorti
632 3586 690 3634 iibri
702 3600 753 3634 om·
791 3584 825 3643 la,
843 3583 880 3631 ric
898 3582 976 3631 etiam
992 3582 1126 3645 Mitylene,
1144 3584 1220 3632 rebor
1238 3585 1319 3632 onmi-

228 3675 283 3718 uaa,
300 3660 354 3709 Seia
364 3658 470 3708 Leledm
487 3660 543 3722 qaid
557 3661 606 3709 aitt
628 3667 657 3708 nt
667 3659 755 3708 Bolia·
793 3659 840 3708 line
852 3657 960 3722 pnicirre
972 3658 1105 3706 instructa.

229 3737 293 3785 tium
311 3748 356 3798 per
367 3733 546 3797 dialogiamrrm
562 3736 588 3784 id
606 3729 755 3799 perennitati
825 3738 856 3783 18
874 3733 973 3782 Poeanla
999 3732 1112 3796 mlatitio]
1136 3732 1250 3782 Paennire
1273 3733 1316 3782 ad-

228 3808 310 3873 tingat
321 3808 424 3859 Po'e'ta:
442 3808 483 3858 cui
500 3822 560 3859 mox
577 3810 634 3873 ipre
650 3823 755 3871 reapon-
793 3823 884 3859 versuo
897 3808 1003 3857 imbrem
1022 3814 1049 3856 et
1070 3804 1165 3870 frigora
1186 3819 1318 3870 compara·

229 3885 284 3940 det.
303 3884 387 3934 Gadita
414 3883 537 3934 deamtier.
570 3884 646 3935 Quod
671 3892 755 3935 tamen
794 3885 897 3934 nentur.
929 3883 1023 3935 taven.
1041 3882 1098 3931 Sat.
1115 3896 1141 3932 v.
1165 3881 1248 3932 ‘Cum
1266 3898 1319 3946 per·

228 3974 380 4025 quamquam
399 3959 436 4008 ita
447 3960 502 4022 ait3
519 3972 551 4008 ne
569 3957 636 4007 iorte
648 3960 704 4022 ipae
722 3973 756 4007 aa·
793 3960 854 4008 nula
868 3959 950 4008 mutto
969 3958 1086 4008 stillaret
1104 3957 1191 4007 nimbo
1200 3956 1216 4006 ι’
1233 3972 1318 4022 neque

230 4050 274 4098 gre
292 4035 358 4085 ierat
378 4034 506 4085 contemni
523 4032 665 4094 Lebedum,
679 4034 757 4083 addit
794 4039 844 4086 iilia
861 4039 887 4087 in
907 4039 971 4087 orbe
996 4039 1033 4087 nti
1055 4036 1094 4086 faa
1113 4045 1180 4086 erat.
1209 4037 1316 4085 Torreat.

230 4125 366 4176 eeqnoque
383 4112 416 4162 ibi
435 4125 486 4160 non
508 4112 588 4160 invite
611 4111 755 4161 victurum:
795 4112 894 4170 Poeaalc
910 4112 1022 4175 inutilia]
1039 4113 1126 4160 Vectio
1141 4111 1221 4160 deora
1233 4110 1317 4158 soliti·

231 4185 400 4237 red-muitum
429 4187 527 4237 reterre
559 4186 684 4249 ostendit,
706 4199 757 4249 qua
794 4188 944 4246 dormitio,
971 4188 997 4236 id
1023 4194 1073 4247 ert,
1101 4195 1192 4237 catate
1212 4184 1317 4231 inutilia.

233 4272 434 4333 compescuere
458 4263 601 4314 intentione
617 4269 690 4314 certo
711 4261 757 4310 ali·
774 4293 779 4304 .
796 4260 941 4324 Comperta-c]
957 4261 1025 4324 Quo,
1045 4271 1073 4311 ot
1090 4261 1174 4324 inquit
1191 4255 1318 4318 Ammin-
