3022 5062
285 453 371 518 143⁰
625 465 736 515 nore
759 463 960 515 remonon
987 463 1026 513 m
1121 462 1124 466 ·

282 623 338 665 cnr,
350 614 379 657 ei
389 613 463 658 estes
475 607 613 672 Sstyricus.
846 606 1010 668 suauitatem,
1020 605 1066 655 sed
1078 604 1139 670 quis
1149 605 1187 653 nti
1199 604 1225 653 in
1236 603 1328 669 poitie,
1337 604 1374 655 ei'c

294 687 333 732 '8
360 683 390 731 le
419 683 501 746 terris]
529 683 623 733 Plures
645 680 758 746 codices,
784 683 812 730 isi
847 689 875 732 et
885 683 911 732 in
922 683 984 731 alite
996 683 1040 731 illo
1052 683 1131 731 divini
1144 681 1239 746 aliquid
1251 695 1308 731 esse
1320 696 1374 730 cre·

282 763 357 808 terro
847 757 926 808 ditur.
945 758 1052 806 Tor-reri.
1086 758 1121 806 Et
1132 756 1269 805 Horatium
1281 757 1322 805 liic
1336 771 1376 805 re·

316 839 334 883 1
351 834 489 897 invidiaque
506 831 591 894 maier]
611 830 714 881 invidie
732 831 811 880 eirtn·
847 833 962 898 spexisce
973 833 1006 882 ed
1020 832 1175 882 mutstiouee
1187 832 1376 896 Pythagoricos

286 917 341 959 tem
352 915 381 959 et
392 910 518 972 precisis
528 907 643 958 fseinors
653 909 748 968 omnis,
761 921 811 956 nun
848 923 865 958 s
891 909 1002 957 Platone
1029 907 1186 969 celebrates,
1216 908 1375 956 Primnum

286 984 364 1034 siiter
381 999 456 1046 quern
471 983 561 1033 umbre
576 997 671 1045 corpus
685 983 812 1042 sequitur·
849 990 947 1033 censet·
964 982 1152 1032 districi-m.
1185 983 1313 1031 meroris·
1331 983 1377 1031 nii·

286 1058 355 1108 Nem
373 1073 423 1123 quo
442 1059 519 1106 eitius
537 1058 592 1121 quie
607 1057 762 1119 uceuderit,
781 1071 812 1106 eo
849 1064 896 1108 m
906 1057 1023 1122 Superse]
1034 1057 1124 1108 Scribe
1135 1072 1192 1105 cum
1205 1057 1319 1119 Muretu,
1329 1057 1376 1107 ds·

285 1134 427 1196 subjectior
436 1140 476 1183 eet
486 1132 598 1183 inridier.
622 1133 733 1182 Peribus
743 1134 812 1182 euim
847 1151 931 1201 pase,
940 1136 1063 1200 quicquid
1076 1136 1165 1185 dicunt
1177 1135 1230 1184 elii.
1260 1134 1376 1198 Supero«,

286 1218 332 1258 ent
350 1223 399 1258 uon
416 1210 496 1258 multu
514 1209 703 1259 sublimioribus
714 1211 813 1259 invide·
850 1220 891 1262 est
901 1212 933 1261 ri
943 1209 999 1260 bn.
1012 1211 1136 1260 Heinsius.
1159 1210 1211 1259 Sed
1223 1211 1340 1259 Lembin.
1350 1219 1378 1261 et

285 1299 351 1334 mns.
377 1285 457 1349 Atqui
469 1286 494 1334 in
506 1287 635 1336 excelsum
644 1288 713 1336 eisin
724 1287 814 1348 virtus,
849 1287 999 1336 Torrentius
1006 1284 1142 1349 legendum
1153 1299 1209 1333 esse
1218 1284 1377 1334 contendunt
1391 1324 1393 1329 .

285 1361 639 1424 tsuqusmextrshnmensm
655 1371 751 1411 sortem
768 1378 813 1426 po·
850 1364 966 1426 &perun
987 1368 1018 1411 ut
1045 1368 1073 1409 et
1097 1360 1166 1424 opud
1187 1360 1259 1422 virg.
1276 1360 1375 1422 Georg.

285 1434 344 1497 sits,
356 1437 548 1487 admirationem
565 1439 650 1499 potios
663 1439 773 1500 excitet,
784 1447 814 1489 nt
850 1439 858 1467 ⁴
869 1439 928 1488 Flos
938 1438 1053 1502 apprime
1063 1433 1216 1497 tene1,'uon
1226 1433 1376 1497 ‘spprimsss

284 1511 415 1562 subtiliter
426 1513 543 1577 disputet
552 1513 632 1563 Arist.
641 1514 716 1563 eret.
728 1529 768 1563 xi.
779 1515 813 1564 ed
851 1514 882 1562 Is
899 1514 992 1578 alitem]
1014 1513 1045 1562 Iu
1066 1526 1186 1577 cygnum.
1224 1511 1335 1574 [Pensm
1352 1514 1377 1558 et

285 1586 463 1638 Theodecten,
496 1588 571 1637 Adde
587 1602 626 1637 iv.
643 1588 695 1637 od.
712 1593 736 1639 1.
756 1591 811 1639 ibr-
851 1589 978 1655 Guclpb.]
1134 1582 1137 1587 ’

284 1668 347 1712 rent.
380 1663 518 1727 inuidiaque
534 1663 621 1727 major]
639 1664 719 1728 Cujus
732 1666 814 1728 glorie
884 1669 914 1714 11
933 1665 1051 1728 Superum
1067 1663 1248 1727 enxenierqse]
1262 1661 1377 1710 Mutors

285 1743 395 1800 superet
404 1737 535 1790 inridism.
850 1739 968 1804 pertibus
980 1739 1160 1804 superioribus.

318 1818 333 1861 ⁵
348 1812 425 1862 Urbes
434 1813 578 1878 relinquam]
595 1813 700 1865 AEtlrers
711 1822 813 1879 petens.
887 1819 916 1864 it
929 1815 1049 1864 Dcddaeo
1058 1829 1128 1879 oeqor
1135 1811 1214 1876 icore]
1227 1811 1313 1875 ocyor
1321 1810 1379 1858 les·

287 1888 344 1936 Non
354 1904 398 1951 ege
410 1905 540 1953 perperene
551 1889 665 1956 Sinus]
678 1891 759 1944 Onesi
770 1893 814 1941 ob·
852 1904 882 1939 ro
893 1890 996 1939 Dedsii
1006 1889 1069 1952 lilio,
1082 1890 1125 1951 qui
1139 1902 1189 1937 nus
1203 1901 1261 1936 cnm
1277 1892 1352 1949 petre
1363 1900 1379 1932 o

285 1962 397 2010 scuritss
409 1972 545 2025 petentum
556 1964 703 2029 (eratenim
715 1966 815 2015 liberti·
852 1964 933 2015 Crete
949 1965 1059 2029 fugiens,
1071 1963 1152 2012 fretus
1167 1964 1264 2011 elerum
1275 1960 1380 2018 tidnein,

284 2047 319 2082 no
331 2042 406 2097 pstre
416 2037 505 2099 utne)
522 2037 546 2087 ei
564 2039 625 2087 dete
641 2041 713 2099 sitio,
722 2040 757 2087 sit
769 2041 814 2088 im·
852 2039 951 2088 decidit
963 2041 988 2087 in
1000 2053 1076 2086 mere.

286 2109 448 2173 pedimeuto,
456 2126 508 2174 quo
518 2112 600 2159 minus
611 2114 733 2161 Romanis
744 2122 815 2162 esset
885 2112 1056 2160 incessentia
1075 2111 1158 2157 littore
1181 2109 1293 2170 Bospori]
1316 2109 1379 2156 Bos·

287 2182 430 2232 celebrior:
445 2184 512 2247 quod
521 2186 584 2234 setis
594 2185 694 2234 indicet
706 2199 743 2233 rr.
754 2186 814 2235 Ode
852 2186 925 2248 pbori
941 2199 1056 2234 murmur
1071 2183 1225 2231 emittentis.
1259 2185 1300 2232 De
1315 2183 1380 2232 Bos·

286 2262 311 2307 ⁸.
328 2258 412 2309 nsit.
429 2262 455 2306 1.
473 2269 501 2308 et
517 2263 557 2307 1⁰.
575 2259 647 2321 Grnq.
680 2261 815 2319 Perperene
852 2259 932 2321 pboro
944 2257 1003 2306 ride
1014 2271 1092 2320 suprs
1102 2255 1155 2305 Od.
1168 2260 1207 2305 11.

285 2333 454 2397 sermea]
464 2332 579 2397 Quippe,
588 2333 708 2383 odilecte
717 2335 815 2384 Mace·
884 2338 914 2382 io
932 2334 1017 2397 Syrtes
1030 2332 1143 2394 Getelus]
1158 2333 1248 2396 Syrtes
1260 2331 1379 2395 Libyas,

286 2420 343 2470 nes,
363 2423 413 2473 ego
430 2410 545 2474 quemvis
564 2424 705 2473 peuperum
723 2425 816 2474 peren·
852 2409 912 2459 ride
924 2424 944 2458 r.
957 2409 1009 2458 0d.
1020 2411 1061 2457 22.

287 2494 344 2536 tum
354 2487 455 2550 seuquiu
465 2495 493 2536 et
503 2485 570 2536 filins
580 2487 670 2552 (quem
678 2494 705 2536 et
714 2488 816 2552 qualem
872 2483 1003 2547 iiidice]
1025 2485 1137 2547 cygnus.
1173 2482 1381 2545 Hyperboreosque

286 2569 317 2612 tu
327 2577 368 2612 me
379 2577 455 2612 voces
466 2569 494 2611 et
504 2563 637 2626 appellere
653 2561 735 2626 soles)
746 2577 814 2611 mur·
852 2559 956 2624 cupos]
968 2561 1031 2609 Plus
1040 2560 1127 2608 dicere
1139 2572 1188 2607 non
1199 2557 1294 2621 potnit,
1303 2572 1379 2621 quem

288 2645 343 2688 tem
364 2653 415 2688 non
437 2638 525 2702 obibo,
551 2653 630 2700 nnnc,
655 2639 705 2687 iic.
730 2637 816 2688 lubin.
854 2634 923 2684 seme
942 2635 1020 2684 etism
1040 2634 1217 2697 Hyperboreis
1238 2647 1295 2683 sese
1313 2634 1380 2682 cele·

288 2715 399 2775 Nesego
412 2713 552 2776 mum]
568 2715 627 2762 Non
639 2728 688 2777 ego
699 2713 816 2764 obscuris
855 2711 928 2761 brem
946 2710 1071 2759 futurum.
1103 2710 1155 2760 Qui
1176 2716 1262 2758 autern
1276 2709 1313 2756 iiii
1329 2708 1382 2756 siut

288 2788 438 2849 perentibus
450 2801 505 2833 sum
516 2794 599 2835 ortus.
856 2786 955 2850 popuii,
974 2787 1030 2835 vide
1048 2786 1143 2834 Melum
1159 2792 1187 2833 et
1206 2784 1381 2833 Plin.1v.l2.

320 2865 338 2906 o
355 2860 411 2906 Nos
426 2872 480 2917 ego.
495 2873 563 2920 quen
580 2860 660 2921 ooees]
677 2862 730 2911 Hic
744 2865 818 2927 ordo,
855 2862 981 2910 Horatius
994 2876 1040 2924 per
1050 2862 1151 2910 Getslus
1159 2860 1244 2925 Syrtes
1253 2859 1384 2924 ethper-

286 2939 317 2982 et
329 2933 419 2980 borum
431 2933 566 2983 verborum
578 2950 670 2984 senens
685 2939 748 2987 milri
761 2956 816 3004 pm
854 2936 934 2985 boreos
943 2951 1044 2998 conpos,
1056 2945 1186 2985 extremes
1204 2937 1237 2984 ed
1249 2935 1382 2985 meridiem

289 3008 395 3072 reliquis
408 3009 509 3073 placet:
521 3011 754 3080 Obiaecenes,ego
766 3032 816 3067 non
856 3019 884 3062 et
901 3013 1104 3074 septentrionem
1122 3004 1199 3062 terre
1215 3026 1272 3060 urse
1289 3012 1383 3060 inteili-

288 3083 368 3134 obibo
390 3094 509 3146 mortem,
531 3100 607 3150 quern
626 3087 702 3152 (licet
721 3105 818 3155 ponpe-
855 3088 981 3152 ‘inultm
996 3103 1059 3150 ques
1072 3086 1194 3151 progredi
1211 3101 1261 3135 uon
1278 3088 1349 3148 ticet,
1361 3084 1382 3133 si

288 3159 357 3220 rem)
381 3165 409 3208 tn
439 3173 526 3220 rocus,
553 3161 687 3213 odilecte
714 3165 817 3215 Horati.
855 3170 970 3212 nostrum
994 3162 1202 3224 hemispherium
1226 3163 1382 3222 compiecte-

291 3235 368 3292 Qsou
378 3251 446 3285 socru
456 3237 551 3301 dume]
561 3237 609 3286 ‘or
618 3242 708 3296 καλοῖς,
720 3239 739 3288 d
752 3241 817 3304 pins.
853 3253 921 3287 mur.
934 3229 1041 3286 Tenent.
1065 3234 1273 3297 Hyperboreosque
1282 3232 1384 3292 rupes]

287 3311 349 3361 Hoc
359 3318 407 3373 est,
415 3325 492 3375 quem
501 3311 576 3361 emiei
585 3314 688 3362 nomine
697 3315 818 3378 digneris.
856 3315 962 3365 Montes
972 3313 1019 3362 sub
1030 3310 1098 3375 polo,
1108 3316 1136 3357 et
1147 3307 1254 3356 cerdice
1265 3306 1323 3355 cccli
1335 3319 1380 3367 po-

287 3386 414 3437 Heirriss·
446 3385 541 3450 [Codd.
564 3402 608 3450 ep.
633 3389 728 3449 Jneelr,
750 3408 818 3455 qm.
856 3379 1330 3450 sitos,nndespiretBoress‚ubidies
1341 3388 1383 3428 eet

289 3463 463 3520 cetos...obibo;
476 3463 525 3518 vel,
535 3477 602 3524 men
615 3467 794 3531 retus...obiee.]
855 3479 900 3512 sex
919 3461 1051 3522 mensium,
1069 3467 1096 3507 et
1111 3471 1163 3506 nox
1183 3455 1300 3517 totidem,
1314 3469 1382 3505 euno

321 3543 338 3587 8
355 3541 406 3588 Nec
417 3538 517 3603 Stygis]
532 3539 569 3588 Ut
589 3541 642 3602 elii,
656 3557 764 3606 quorum
780 3543 817 3593 ἐι-
857 3541 882 3590 iu
893 3539 956 3588 dues
968 3544 1054 3601 partes
1065 3535 1156 3584 diviso.

288 3628 331 3662 me
351 3628 408 3664 cum
428 3623 510 3664 morte
529 3615 638 3667 interiit.
679 3619 720 3668 ue
736 3619 819 3684 Styge
889 3619 921 3664 18
936 3615 1026 3662 Herse
1047 3610 1147 3660 eoiortir
1168 3607 1264 3670 Duces]
1287 3609 1383 3658 Mersa

289 3688 349 3737 ride
363 3703 382 3737 ι.
393 3688 446 3739 Od.
455 3693 497 3739 88.
856 3687 1382 3754 seotpopuiiirsiie‚qoosnecunquam·

322 3768 339 3811 ⁹
357 3764 487 3828 Residert]
508 3765 674 3828 fluescunt,
694 3767 818 3821 insidunt.
857 3767 895 3817 ele
906 3779 997 3815 revers
1007 3765 1089 3827 timet,
1100 3761 1176 3827 tingit
1192 3770 1279 3812 tumen
1291 3777 1320 3812 se
1332 3776 1383 3810 nou

322 3843 354 3889 10
366 3842 454 3892 Albion
465 3849 542 3892 semor
551 3843 589 3905 ie]
600 3845 642 3893 De
654 3857 738 3907 cygno
748 3847 818 3912 loqui
856 3842 958 3891 timere·

290 3916 398 3966 Puetsm
407 3918 533 3981 ostendit,
542 3919 610 3982 quod
620 3934 680 3968 mox
691 3923 819 3986 requitur,
889 3924 921 3970 lu
940 3919 1028 3968 Ultimi
1040 3915 1139 3979 Geloni]
1155 3915 1269 3980 scythia
1283 3915 1382 3976 populi,

289 3996 424 4041 ‘canorus
447 3993 525 4043 eles?
552 4002 580 4043 et
604 4007 666 4043 esne
688 3999 818 4060 aptissime
856 3994 1093 4059 videsuprsOd.⁹.
1124 3990 1385 4054 Periissdircetlber]

290 4068 367 4128 cygni
389 4068 421 4116 sd
444 4059 547 4130 poiitsm
575 4071 734 4129 comperetio
759 4081 817 4133 ηις
856 4069 965 4136 Antiqui
977 4070 1054 4120 codd.
1071 4067 1150 4117 Hiber
1164 4067 1205 4114 vei
1222 4066 1305 4127 Hyber
1321 4066 1385 4115 scri·

290 4149 349 4186 nem
371 4149 398 4189 et
420 4143 504 4205 podtae
527 4144 552 4191 iu
580 4142 708 4205 Apollinis
737 4149 819 4197 tutele
856 4146 932 4197 bunt.
968 4145 1021 4196 Sed
1040 4157 1119 4209 quere
1136 4137 1285 4204 ‘peritum'
1307 4146 1385 4190 vocet

290 4217 367 4271 ”llll
385 4221 412 4261 ὓῑ
423 4219 499 4280 cygni
511 4231 614 4282 quoque
634 4216 659 4265 ei
677 4217 735 4283 Deo
751 4224 819 4272 secti
856 4220 996 4271 Horsiius?
1013 4233 1045 4267 su
1065 4223 1171 4281 propter
1185 4214 1274 4277 longos
1284 4221 1312 4263 et
1323 4207 1384 4262 isni-

291 4286 476 4353 perbibentur3
501 4307 551 4342 uon
573 4293 654 4343 solnm
675 4293 708 4344 ob
727 4305 819 4348 emtor
857 4295 921 4345 dues
947 4291 1132 4357 migetium,
1154 4287 1246 4353 quibus
1274 4287 1385 4352 isupsrri
