3022 5062
398 444 558 492 nonarn
581 444 787 494 oannrnuu
813 445 885 493 ιιι.
909 447 950 493 ιι.
973 429 1024 496 19.
1168 429 1252 498 1427

191 589 222 633 ‘ll
242 585 339 647 Monet]
354 585 486 647 Expectat
496 584 611 635 divitem.
646 626 649 632 .
688 612 692 621 ·
726 584 887 648 aliuml'acit,
900 586 955 648 ipae
972 584 1183 637 saeererldetur.
1216 589 1254 640 Et

168 707 170 710 .
193 663 226 709 ³2
244 660 310 715 Quid
325 661 391 709 altro
409 658 497 721 uadis]
523 660 591 711 Quid
613 661 687 724 plura
726 662 1102 722 suomoreosdilleooredicil,
1118 677 1165 725 pro
1179 663 1254 713 audit

162 735 257 799 espisi
631 767 634 773 -
676 776 679 781 .
725 738 854 788 utleret:
870 738 1253 796 nisicumverboooooluacun·

194 814 226 860 88
243 809 397 874 Redsdilsr]
430 813 511 862 'l'erra
535 811 690 877 puupmar
726 820 827 864 struere
839 813 920 863 maiis.
934 814 1041 863 dmm.
1066 813 1251 862 Velaioetism

163 886 270 949 regibus
297 888 415 951 aperitur
437 888 587 952 :meliten
608 887 646 936 sie
666 901 689 937 ι.
726 891 822 954 exponi
844 898 949 954 potest:
970 891 1022 940 Hie
1041 898 1143 940 vocatos
1159 899 1187 941 et
1201 905 1253 941 nou

163 961 268 1013 ΟΜ.
726 975 834 1016 roestns
849 966 945 1029 lesere,
965 965 992 1015 id
1010 973 1060 1028 est,
1075 975 1105 1015 ut
1126 967 1253 1030 sublevet,

193 1041 226 1089 si
242 1038 378 1102 Regnaque
390 1039 482 1103 pueris]
509 1039 577 1089 Vide
597 1054 617 1090 ι.
635 1038 688 1089 oo
727 1057 866 1107 pauperem
881 1042 998 1092 inuotnm
1015 1041 1155 1103 laboribus,
1166 1040 1192 1089 id
1204 1047 1254 1099 est,

161 1115 201 1161 12·
232 1113 333 1164 Satelles
345 1114 415 1177 Oros]
427 1115 564 1165 Lambinus
576 1117 689 1166 charum
727 1118 856 1167 coutinuis
876 1117 1000 1166 molestiis
1019 1124 1047 1165 et
1067 1116 1176 1165 miseriis
1194 1114 1255 1165 aira

161 1196 213 1245 teru
237 1182 434 1252 interpretetur,
461 1205 477 1238 u
498 1205 549 1255 quo
567 1190 689 1241 dissentit
726 1192 896 1257 defetigeturn
914 1200 1114 1255 pertaesumque,
1132 1191 1209 1252 uadit,
1226 1189 1253 1241 id

138 1278 145 1284 ·
161 1264 299 1330 Grunnius,
311 1266 353 1330 qni
370 1267 413 1315 hie
425 1275 533 1318 mortem
545 1269 600 1319 vult
611 1268 688 1329 intel,-
727 1274 775 1329 est,
787 1276 883 1331 praesto
894 1267 978 1328 adest,
994 1274 1023 1317 et
1040 1267 1103 1328 velit
1115 1267 1179 1314 nolit
1191 1279 1254 1328 pau·

159 1339 282 1405 llgi,quia
293 1344 508 1407 lraeocougregat,
525 1345 581 1394 hmo
593 1346 689 1395 militat
727 1358 783 1407 per,
804 1343 829 1391 el
849 1341 1008 1392 moriendum
1030 1349 1079 1391 est.
1111 1341 1161 1390 Vel
1177 1341 1256 1404 audit,

160 1416 244 1467 Orco:
263 1419 336 1467 virus
351 1419 420 1468 euim
437 1434 490 1470 non
507 1421 689 1471 iurooatcna-
727 1424 833 1466 rooarm
855 1432 871 1466 a
893 1432 1016 1480 paupere,
1033 1424 1061 1466 et
1078 1430 1129 1466 oon
1149 1424 1253 1466 voratus

159 1499 259 1541 rentem
287 1500 343 1548 unt,
360 1496 461 1547 metuit.
495 1497 597 1547 dotalia
619 1496 690 1559 Oroi]
728 1496 843 1544 solvite.
861 1496 933 1559 Crsp.
967 1497 1018 1544 lis'e
1038 1497 1115 1545 leuare
1128 1495 1254 1558 surretssr]

161 1565 325 1630 clinomeni
336 1570 433 1618 animes
444 1572 537 1635 cymba
548 1585 596 1620 sua
605 1578 689 1620 trans·
728 1570 803 1619 Ordo
814 1577 872 1618 ests
891 1571 1016 1629 Vooatm,
1027 1579 1104 1634 atque
1115 1585 1166 1618 nou
1179 1584 1256 1619 root·

161 1650 250 1690 reolus
262 1655 392 1705 uunquam
404 1647 518 1698 revehet.
729 1653 771 1694 tus
782 1644 855 1693 audit
874 1644 959 1693 leram
979 1657 1118 1707 pauperem
1137 1643 1255 1692 functum

192 1721 223 1764 8⁵
243 1717 363 1766 collidam
375 1718 527 1784 Prometheo]
544 1721 609 1771 ldeu
624 1722 690 1771 Pro·
728 1720 868 1776 laboribus,
884 1719 911 1767 id
929 1726 980 1778 est,
995 1717 1077 1778 audit,
1088 1724 1118 1766 ut
1129 1716 1257 1779 sublevet,

162 1794 263 1842 metirer
274 1792 394 1842 callidum
411 1797 536 1860 appellat,
553 1797 612 1859 quis
629 1794 692 1846 Jori
729 1803 757 1844 et
778 1794 872 1842 liberet
890 1807 1037 1856 pauperem,
1056 1792 1098 1856 qui
1113 1789 1259 1854 rilamegit

162 1869 247 1930 iguem
259 1869 363 1918 vitalem
373 1870 514 1931 eripuerat
730 1868 893 1919 laboriosam.

194 1949 227 1994 86
246 1943 361 2007 Reoeml]
379 1947 447 1994 Vrtae
460 1945 585 1994 restrturt
616 1944 644 1993 81
654 1957 694 1993 re
762 1949 796 1994 ll)
816 1943 925 2005 Vooalas,
946 1948 1017 2006 elpes
1034 1956 1081 1990 noo
1099 1940 1206 2003 molas]
1223 1941 1257 1990 E-
1337 1942 1344 1953 “

161 2023 377 2086 muraenarum,
389 2023 453 2073 Oroi
470 2021 608 2071 satellitem
627 2021 693 2072 Cha·
731 2033 829 2068 rasurus
844 2019 913 2067 iuter
927 2018 1056 2067 Laeonum
1074 2014 1257 2079 proverbiaei·

160 2107 261 2147 rontern
283 2105 369 2162 vocet,
386 2098 453 2148 Orci
469 2111 562 2160 nempe
582 2098 691 2160 portito·
729 2103 769 2144 tat
779 2092 960 2155 emodperdrra
970 2093 1009 2143 sel
1021 2092 1126 2152 drumm
1136 2092 1256 2156 misnep-

160 2186 223 2233 renr‚
235 2168 612 2235 uteumJureuniisappellat
642 2173 689 2222 Sin
728 2169 803 2220 ἔσται.
841 2169 1094 2234 immamus]
1110 2168 1182 2219 Velit
1190 2169 1256 2219 nolit

161 2264 222 2299 rero
232 2250 337 2300 reuisxil
347 2250 494 2312 legerimus,
504 2250 546 2313 (ιιι
559 2250 633 2312 pluro
644 2263 688 2299 re·
727 2259 833 2310 pauper,
850 2245 951 2295 Charon
963 2245 1026 2294 Orci
1037 2243 1175 2294 satelles
1152 2258 1177 2292 er
1189 2257 1256 2307 prse-

162 2330 238 2372 tustae
254 2331 322 2373 notre
349 2323 528 2388 exemplaria.)
547 2326 688 2375 satellitem
726 2331 766 2372 sto
777 2330 828 2373 est

163 2399 236 2459 Oroi,
244 2412 322 2447 ouum
333 2399 444 2464 aliquem
454 2401 532 2449 airum
541 2414 574 2449 ex
585 2400 689 2450 Risnda
727 2397 792 2447 Oun
813 2411 872 2447 m
896 2396 1098 2453 Ἓνθουσιαστυιή.
1133 2359 1164 2444 iri
1185 2397 1256 2446 Bac·

161 2473 257 2524 mauthi
275 2474 329 2523 sire
347 2473 419 2524 AEnei
439 2474 576 2526 lictoribus
594 2476 689 2523 intelli·
757 2485 849 2521 cuuis.
866 2473 962 2522 Boethi
974 2472 1139 2533 laudes,ejus
1151 2473 1256 2520 numine

161 2562 221 2611 gete
239 2550 392 2612 poterimus,
415 2551 459 2612 qui
481 2561 545 2595 suro
566 2548 625 2608 copi
644 2559 691 2595 ne·
760 2538 864 2606 plenus,
882 2548 953 2594 enuit
968 2545 1061 2594 Po'e'ta.
1094 2545 1191 2606 [codd.
1214 2560 1257 2610 up.

161 2633 246 2687 queat.
278 2624 331 2673 Sed
343 2625 435 2671 retexit
452 2621 533 2682 nregis
550 2620 647 2688 piarat,
657 2633 692 2668 ua
761 2619 855 2678 lueck,
871 2620 901 2667 la
920 2618 1063 2679 Raecium]

160 2696 330 2749 ‘revincere'
348 2709 396 2758 pro
412 2693 546 2743 ‘solvere'
563 2693 691 2756 iuterpre·¹
761 2693 926 2758 lBoceisor]
951 2693 1085 2756 Tanquam
1108 2690 1195 2740 divino
1217 2692 1257 2742 io.

162 2774 212 2821 tari
222 2783 417 2834 eugeniumque
433 2765 623 2831 significatione
638 2781 691 2817 nou
730 2782 788 2818 rore
811 2770 924 2832 percitus
951 2768 1018 2817 issue
1041 2767 1127 2817 Odum
1152 2769 1258 2833 scripsit

163 2845 268 2895 memini
279 2858 321 2892 me
332 2843 433 2906 legisse.
452 2843 559 2892 Τοπαι.
593 2842 690 2905 [eodo.
729 2843 863 2907 liorutius,
879 2852 907 2895 et
919 2838 1053 2895 Bocchum
1061 2844 1199 2896 docentem
1211 2846 1257 2896 de·

165 2919 270 2984 quidum
281 2934 323 2982 sp.
333 2919 629 2984 Jseok,1)eoestrm.]
702 2936 705 2940 ⁴
727 2921 825 2971 scribit.
859 2919 1255 2975 cetemmaliiferesileoouoo

199 2993 532 3060 coplmJAurouorrnptus.
548 2994 612 3058 Hie]
623 2995 689 3046 Cla·
726 3009 819 3044 munus
832 2995 975 3058 imponunt.
994 2996 1100 3047 Τοπιιιι.
1132 2997 1163 3045 Is
1180 3013 1256 3049 remo.

164 3085 220 3122 rou.
727 3068 771 3131 lis]
797 3070 858 3120 Nou
879 3070 906 3117 in
926 3071 1047 3132 strepltu,
1065 3072 1256 3140 ambitioneque

195 3152 227 3200 li
245 3149 369 3200 Tmlolsnrr
377 3155 454 3214 mose,
464 3148 519 3214 le]
531 3147 602 3198 Ante
613 3147 691 3198 eliam
728 3145 833 3200 lorensi,
852 3143 896 3192 ubl
908 3143 970 3192 ninii
982 3142 1072 3191 divini.
1105 3145 1137 3192 Iu
1146 3151 1254 3213 mmm]

164 3225 215 3277 0d.
235 3229 275 3275 lt.
293 3225 475 3277 Prometheum
493 3240 552 3275 cum
571 3224 691 3285 Tantulo,
728 3216 1046 3271 luaeeretisuemoribus.
1073 3218 1257 3282 eumenum.

162 3316 237 3365 quem
249 3301 354 3365 Pelopis
364 3311 466 3368 patrem
479 3301 516 3351 ibi
527 3309 615 3362 vocat,
629 3313 691 3349 oon·
728 3298 788 3346 rina
814 3300 949 3369 praecepta
975 3291 1090 3342 carmine
1111 3292 1254 3358 descripta.

159 3377 255 3440 junxit,
267 3386 294 3428 et
311 3377 416 3441 quidem
427 3385 565 3440 utrumque
575 3376 692 3424 laboren-
731 3373 804 3435 Crsq.

163 3453 299 3504 teml'aeit.
333 3454 440 3517 Pelopis
456 3459 544 3502 nutem
553 3449 692 3515 progenies
760 3446 892 3496 uendite
899 3445 1000 3510 posted]
1028 3443 1134 3494 Credite
1145 3459 1200 3508 ros,
1211 3446 1255 3509 qul

164 3536 251 3578 erent
260 3527 357 3579 Atreus
382 3539 411 3579 et
432 3529 568 3591 Thyesteo,
589 3525 692 3574 Tantali
729 3521 834 3571 venturi
842 3520 921 3583 estis
934 3530 961 3570 et
972 3520 1049 3570 iidem
1060 3518 1180 3570 adhibete
1192 3520 1256 3569 tslrs

166 3609 291 3664 uepotesr
308 3601 471 3668 ‘'soperbus
489 3611 577 3654 autem
595 3602 693 3656 Tauta-
729 3595 843 3646 docenti.

165 3679 215 3739 lus,
225 3678 270 3739 qul
281 3679 349 3727 Deos
361 3694 449 3730 omues
464 3679 582 3730 convivio
596 3691 692 3740 exeep-
761 3675 776 3719 8
794 3671 958 3734 Nunnium
968 3669 1094 3733 disserite]
1112 3671 1166 3720 Pel·
1176 3632 1256 3734 Nym·

167 3760 208 3802 tos
219 3747 351 3800 offendere
361 3766 446 3804 nuens
466 3753 520 3803 Sed
531 3751 693 3803 et‘Tsntals
728 3746 801 3810 pirus,
828 3747 925 3820 ¹unimus
953 3746 1098 3796 auditorum
1125 3747 1269 3809 simplices.

165 3822 284 3884 diritiae,'
300 3824 390 3887 quibus
400 3827 575 3891 superbiebat,
585 3840 692 3890 proser-
729 3813 880 3889 recipimur,
892 3833 997 3889 paratos
1008 3826 1039 3875 ad
1050 3826 1212 3888 discendum,
1222 3825 1257 3874 el>

167 3903 209 3954 bio
221 3899 394 3950 celebrantur.
412 3902 520 3952 Torreat.
729 3903 797 3950 omni
809 3909 918 3950 terrene
934 3899 1006 3951 l'aecis
1017 3901 1139 3964 cupidine
1154 3900 1258 3963 liberos,

197 3983 230 4028 88
248 3975 438 4038 Gessscoireel]
453 3977 555 4028 Tantali
565 3982 692 4041 posteros,
729 3983 840 4039 apertos,
851 3977 983 4026 candidos.
1004 3977 1077 4039 craso.
1121 3973 1257 4037 Nysrpies·

166 4054 299 4115 Pelopem,
323 4050 443 4112 Atreum,
465 4051 693 4116 Agamemnonem,
728 4052 910 4116 perdiscentes]
926 4052 1073 4102 Vidietiam
1082 4048 1256 4113 Nymphssnd

166 4129 297 4179 Orestem.
330 4127 382 4177 Hir
401 4126 490 4190 uvore]
519 4126 558 4176 De
580 4127 695 4178 satellite.
729 4128 1005 4191 discendumparotas.

167 4204 239 4265 Orci,
259 4204 368 4267 proinde
388 4218 419 4252 uc
441 4203 474 4251 de
492 4203 563 4253 Orco
580 4202 692 4267 ipsoseu
761 4206 869 4253 lAsrre
880 4201 1135 4267 Copn‘pedssruerrlos]
1148 4201 1258 4254 Poitioa

167 4277 276 4346 Plutone
285 4281 484 4344 loquitur5unm
496 4278 566 4345 quod
578 4278 634 4344 quis
643 4293 691 4344 per
729 4280 877 4344 Satyrorum
892 4279 1042 4343 descriptio,
1061 4279 1149 4343 quales
1166 4278 1256 4328 laodie-
