<?xml version="1.0" encoding="UTF-8"?>
<!DOCTYPE html PUBLIC "-//W3C//DTD XHTML 1.0 Transitional//EN"
    "http://www.w3.org/TR/xhtml1/DTD/xhtml1-transitional.dtd">
<html xmlns="http://www.w3.org/1999/xhtml" xml:lang="en" lang="en">
 <head>
  <title>
</title>
<meta http-equiv="Content-Type" content="text/html;charset=utf-8" />
  <meta name='ocr-system' content='tesseract 3.04.00' />
  <meta name='ocr-capabilities' content='ocr_page ocr_carea ocr_par ocr_line ocrx_word'/>
</head>
<body>
  <div class='ocr_page' id='page_1' title='image "./quintihoratiifl01zeungoog/quintihoratiifl01zeungoog_0296.png"; bbox 0 0 3022 5062; ppageno 0'>
   <div class='ocr_carea' id='block_1_1' title="bbox 392 445 1292 535">
    <p class='ocr_par' dir='ltr' id='par_1_1' title="bbox 392 445 1292 535">
     <span class='ocr_line' id='line_1_1' title="bbox 392 445 1292 535; baseline 0.012 -33"><span class='ocrx_word' id='word_1_1' title='bbox 392 454 549 502; x_wconf 74' lang='lat' dir='ltr'>norrun</span> <span class='ocrx_word' id='word_1_2' title='bbox 573 453 782 535; x_wconf 74' lang='lat' dir='ltr'>urrunnun</span> <span class='ocrx_word' id='word_1_3' title='bbox 808 454 880 502; x_wconf 77' lang='lat' dir='ltr'>nin.</span> <span class='ocrx_word' id='word_1_4' title='bbox 904 459 927 503; x_wconf 88' lang='lat'>1.</span> <span class='ocrx_word' id='word_1_5' title='bbox 949 445 983 506; x_wconf 83' lang='grc' dir='ltr'>Δ.</span> <span class='ocrx_word' id='word_1_6' title='bbox 1053 477 1059 484; x_wconf 93' lang='lat'>·</span> <span class='ocrx_word' id='word_1_7' title='bbox 1145 447 1229 512; x_wconf 81' lang='grc'><strong>1619</strong></span> <span class='ocrx_word' id='word_1_8' title='bbox 1290 480 1292 484; x_wconf 81' lang='lat'><em>.</em></span> 
     </span>
    </p>
   </div>
   <div class='ocr_carea' id='block_1_2' title="bbox 146 588 1235 2432">
    <p class='ocr_par' dir='ltr' id='par_1_2' title="bbox 148 588 1232 1402">
     <span class='ocr_line' id='line_1_2' title="bbox 148 588 1231 662; baseline 0.009 -23"><span class='ocrx_word' id='word_1_9' title='bbox 148 591 263 639; x_wconf 68' lang='lat' dir='ltr'>Ssurv.</span> <span class='ocrx_word' id='word_1_10' title='bbox 298 588 423 638; x_wconf 82' lang='lat' dir='ltr'>Lucilium</span> <span class='ocrx_word' id='word_1_11' title='bbox 440 597 540 639; x_wconf 83' lang='lat' dir='ltr'>veteres</span> <span class='ocrx_word' id='word_1_12' title='bbox 555 590 673 640; x_wconf 63' lang='lat' dir='ltr'>annu</span> <span class='ocrx_word' id='word_1_13' title='bbox 710 592 780 653; x_wconf 82' lang='lat' dir='ltr'>pessi</span> <span class='ocrx_word' id='word_1_14' title='bbox 797 599 856 642; x_wconf 78' lang='lat' dir='ltr'>eruut</span> <span class='ocrx_word' id='word_1_15' title='bbox 875 594 953 643; x_wconf 83' lang='lat' dir='ltr'>ritsru</span> <span class='ocrx_word' id='word_1_16' title='bbox 970 593 1114 660; x_wconf 79' lang='lat' dir='ltr'>semumque</span> <span class='ocrx_word' id='word_1_17' title='bbox 1128 593 1231 662; x_wconf 65' lang='lat' dir='ltr'>subjee-</span> 
     </span>
     <span class='ocr_line' id='line_1_3' title="bbox 180 663 1230 734; baseline 0.01 -23"><span class='ocrx_word' id='word_1_18' title='bbox 180 663 289 711; x_wconf 77' lang='lat' dir='ltr'>Groecos</span> <span class='ocrx_word' id='word_1_19' title='bbox 307 669 455 725; x_wconf 77' lang='lat' dir='ltr'>sequutum,</span> <span class='ocrx_word' id='word_1_20' title='bbox 472 665 617 714; x_wconf 67' lang='lat' dir='ltr'>morderem</span> <span class='ocrx_word' id='word_1_21' title='bbox 632 664 672 715; x_wconf 81' lang='lat' dir='ltr'>iu·</span> <span class='ocrx_word' id='word_1_22' title='bbox 709 674 761 715; x_wconf 78' lang='lat' dir='ltr'>turs</span> <span class='ocrx_word' id='word_1_23' title='bbox 770 681 826 715; x_wconf 82' lang='lat' dir='ltr'>esse</span> <span class='ocrx_word' id='word_1_24' title='bbox 836 668 935 730; x_wconf 87' lang='lat' dir='ltr'>probris</span> <span class='ocrx_word' id='word_1_25' title='bbox 942 676 969 717; x_wconf 86' lang='lat' dir='ltr'>et</span> <span class='ocrx_word' id='word_1_26' title='bbox 977 670 1076 732; x_wconf 86' lang='lat' dir='ltr'>injuriis</span> <span class='ocrx_word' id='word_1_27' title='bbox 1083 671 1230 734; x_wconf 70' lang='lat' dir='ltr'>Poitsrunr,</span> 
     </span>
     <span class='ocr_line' id='line_1_4' title="bbox 181 736 1230 807; baseline 0.01 -22"><span class='ocrx_word' id='word_1_28' title='bbox 181 736 231 785; x_wconf 83' lang='lat' dir='ltr'>isse</span> <span class='ocrx_word' id='word_1_29' title='bbox 251 738 295 786; x_wconf 86' lang='lat' dir='ltr'>sit.</span> <span class='ocrx_word' id='word_1_30' title='bbox 328 737 381 785; x_wconf 76' lang='lat' dir='ltr'>Sue</span> <span class='ocrx_word' id='word_1_31' title='bbox 399 744 484 787; x_wconf 86' lang='lat' dir='ltr'>suteru</span> <span class='ocrx_word' id='word_1_32' title='bbox 502 739 606 801; x_wconf 86' lang='lat' dir='ltr'>Scripls</span> <span class='ocrx_word' id='word_1_33' title='bbox 622 753 672 788; x_wconf 90' lang='lat' dir='ltr'>nou</span> <span class='ocrx_word' id='word_1_34' title='bbox 709 743 797 804; x_wconf 80' lang='lat' dir='ltr'>eapite</span> <span class='ocrx_word' id='word_1_35' title='bbox 814 744 892 792; x_wconf 84' lang='lat' dir='ltr'>etism</span> <span class='ocrx_word' id='word_1_36' title='bbox 911 745 995 807; x_wconf 88' lang='lat' dir='ltr'>puniri</span> <span class='ocrx_word' id='word_1_37' title='bbox 1010 746 1161 807; x_wconf 82' lang='lat' dir='ltr'>ssncleuiss,</span> <span class='ocrx_word' id='word_1_38' title='bbox 1176 749 1230 797; x_wconf 85' lang='lat' dir='ltr'>tsle</span> 
     </span>
     <span class='ocr_line' id='line_1_5' title="bbox 181 809 1230 882; baseline 0.011 -24"><span class='ocrx_word' id='word_1_39' title='bbox 181 809 271 859; x_wconf 88' lang='lat' dir='ltr'>itidem</span> <span class='ocrx_word' id='word_1_40' title='bbox 293 810 343 874; x_wconf 68' lang='lat' dir='ltr'>legi</span> <span class='ocrx_word' id='word_1_41' title='bbox 366 810 486 872; x_wconf 86' lang='lat' dir='ltr'>ostendit,</span> <span class='ocrx_word' id='word_1_42' title='bbox 508 826 584 875; x_wconf 82' lang='lat' dir='ltr'>quum</span> <span class='ocrx_word' id='word_1_43' title='bbox 605 811 673 862; x_wconf 87' lang='lat' dir='ltr'>bons</span> <span class='ocrx_word' id='word_1_44' title='bbox 708 817 1150 882; x_wconf 76' lang='lat' dir='ltr'>ermensenderesiquissuderet.</span> <span class='ocrx_word' id='word_1_45' title='bbox 1163 821 1230 872; x_wconf 71' lang='lat' dir='ltr'>Tun.</span> 
     </span>
     <span class='ocr_line' id='line_1_6' title="bbox 182 884 1066 955; baseline 0.015 -25"><span class='ocrx_word' id='word_1_46' title='bbox 182 897 241 944; x_wconf 81' lang='lat' dir='ltr'>pers</span> <span class='ocrx_word' id='word_1_47' title='bbox 261 884 388 932; x_wconf 84' lang='lat' dir='ltr'>bominum</span> <span class='ocrx_word' id='word_1_48' title='bbox 414 885 464 933; x_wconf 89' lang='lat' dir='ltr'>sibi</span> <span class='ocrx_word' id='word_1_49' title='bbox 488 886 542 934; x_wconf 83' lang='lat' dir='ltr'>vitii</span> <span class='ocrx_word' id='word_1_50' title='bbox 565 885 672 948; x_wconf 81' lang='lat' dir='ltr'>elicujus</span> <span class='ocrx_word' id='word_1_51' title='bbox 707 890 829 953; x_wconf 70' lang='lat' dir='ltr'>Daeribs]</span> <span class='ocrx_word' id='word_1_52' title='bbox 846 892 947 955; x_wconf 74' lang='lat' dir='ltr'>Dignus</span> <span class='ocrx_word' id='word_1_53' title='bbox 958 894 1066 948; x_wconf 67' lang='lat' dir='ltr'>uenti..</span> 
     </span>
     <span class='ocr_line' id='line_1_7' title="bbox 182 957 1231 1027; baseline 0.011 -22"><span class='ocrx_word' id='word_1_54' title='bbox 182 958 292 1017; x_wconf 78' lang='lat' dir='ltr'>conseia,</span> <span class='ocrx_word' id='word_1_55' title='bbox 313 972 341 1006; x_wconf 86' lang='lat' dir='ltr'>se</span> <span class='ocrx_word' id='word_1_56' title='bbox 363 957 397 1006; x_wconf 90' lang='lat' dir='ltr'>ibi</span> <span class='ocrx_word' id='word_1_57' title='bbox 420 959 559 1022; x_wconf 70' lang='lat' dir='ltr'>perstringi</span> <span class='ocrx_word' id='word_1_58' title='bbox 580 960 672 1009; x_wconf 74' lang='lat' dir='ltr'>scient.</span> <span class='ocrx_word' id='word_1_59' title='bbox 739 964 883 1027; x_wconf 76' lang='lat' dir='ltr'>lSs&#39;curiss]</span> <span class='ocrx_word' id='word_1_60' title='bbox 899 966 1019 1015; x_wconf 86' lang='lat' dir='ltr'>‘Siesus&#39;</span> <span class='ocrx_word' id='word_1_61' title='bbox 1030 981 1045 1014; x_wconf 90' lang='lat' dir='ltr'>s</span> <span class='ocrx_word' id='word_1_62' title='bbox 1056 966 1231 1017; x_wconf 62' lang='lat' dir='ltr'>seesndudiea</span> 
     </span>
     <span class='ocr_line' id='line_1_8' title="bbox 181 1033 1232 1103; baseline 0.01 -21"><span class='ocrx_word' id='word_1_63' title='bbox 181 1034 216 1082; x_wconf 77' lang='lat' dir='ltr'>Se</span> <span class='ocrx_word' id='word_1_64' title='bbox 238 1033 333 1097; x_wconf 81' lang='lat' dir='ltr'>ulloqui</span> <span class='ocrx_word' id='word_1_65' title='bbox 356 1033 493 1083; x_wconf 79' lang='lat' dir='ltr'>virulentis</span> <span class='ocrx_word' id='word_1_66' title='bbox 514 1048 612 1097; x_wconf 83' lang='lat' dir='ltr'>curere,</span> <span class='ocrx_word' id='word_1_67' title='bbox 641 1049 671 1084; x_wconf 85' lang='lat' dir='ltr'>sc</span> <span class='ocrx_word' id='word_1_68' title='bbox 709 1045 830 1088; x_wconf 80' lang='lat' dir='ltr'>lemnon</span> <span class='ocrx_word' id='word_1_69' title='bbox 853 1042 928 1089; x_wconf 86' lang='lat' dir='ltr'>modo</span> <span class='ocrx_word' id='word_1_70' title='bbox 946 1041 1126 1103; x_wconf 82' lang='lat' dir='ltr'>Grsusmstiei,</span> <span class='ocrx_word' id='word_1_71' title='bbox 1141 1042 1186 1090; x_wconf 87' lang='lat' dir='ltr'>sed</span> <span class='ocrx_word' id='word_1_72' title='bbox 1203 1049 1232 1092; x_wconf 86' lang='lat' dir='ltr'>et</span> 
     </span>
     <span class='ocr_line' id='line_1_9' title="bbox 183 1108 1232 1181; baseline 0.01 -26"><span class='ocrx_word' id='word_1_73' title='bbox 183 1114 281 1156; x_wconf 84' lang='lat' dir='ltr'>tuntum</span> <span class='ocrx_word' id='word_1_74' title='bbox 305 1108 395 1170; x_wconf 84' lang='lat' dir='ltr'>jocose</span> <span class='ocrx_word' id='word_1_75' title='bbox 416 1113 444 1155; x_wconf 86' lang='lat' dir='ltr'>et</span> <span class='ocrx_word' id='word_1_76' title='bbox 467 1109 538 1156; x_wconf 83' lang='lat' dir='ltr'>velut</span> <span class='ocrx_word' id='word_1_77' title='bbox 564 1117 673 1171; x_wconf 78' lang='lat' dir='ltr'>peteres</span> <span class='ocrx_word' id='word_1_78' title='bbox 707 1110 917 1165; x_wconf 81' lang='lat' dir='ltr'>JClitrsdldere.</span> <span class='ocrx_word' id='word_1_79' title='bbox 949 1117 1013 1165; x_wconf 84' lang='lat' dir='ltr'>Erst</span> <span class='ocrx_word' id='word_1_80' title='bbox 1029 1124 1115 1166; x_wconf 83' lang='lat' dir='ltr'>sutem</span> <span class='ocrx_word' id='word_1_81' title='bbox 1132 1117 1232 1181; x_wconf 75' lang='lat' dir='ltr'>gladius</span> 
     </span>
     <span class='ocr_line' id='line_1_10' title="bbox 180 1181 1232 1253; baseline 0.011 -23"><span class='ocrx_word' id='word_1_82' title='bbox 180 1181 289 1245; x_wconf 74' lang='lat' dir='ltr'>quedem</span> <span class='ocrx_word' id='word_1_83' title='bbox 306 1183 477 1245; x_wconf 70' lang='lat' dir='ltr'>usstigsliuue</span> <span class='ocrx_word' id='word_1_84' title='bbox 492 1183 525 1231; x_wconf 83' lang='lat' dir='ltr'>sd</span> <span class='ocrx_word' id='word_1_85' title='bbox 539 1182 671 1234; x_wconf 86' lang='lat' dir='ltr'>deterreu·</span> <span class='ocrx_word' id='word_1_86' title='bbox 708 1186 803 1248; x_wconf 81' lang='lat' dir='ltr'>brevis,</span> <span class='ocrx_word' id='word_1_87' title='bbox 813 1204 863 1253; x_wconf 86' lang='lat' dir='ltr'>quo</span> <span class='ocrx_word' id='word_1_88' title='bbox 874 1189 951 1239; x_wconf 85' lang='lat' dir='ltr'>iselle</span> <span class='ocrx_word' id='word_1_89' title='bbox 960 1192 1060 1241; x_wconf 77' lang='lat' dir='ltr'>occulto</span> <span class='ocrx_word' id='word_1_90' title='bbox 1075 1198 1232 1253; x_wconf 71' lang='lat' dir='ltr'>grsssstores</span> 
     </span>
     <span class='ocr_line' id='line_1_11' title="bbox 181 1257 1231 1328; baseline 0.009 -23"><span class='ocrx_word' id='word_1_91' title='bbox 181 1258 226 1306; x_wconf 90' lang='lat' dir='ltr'>dos</span> <span class='ocrx_word' id='word_1_92' title='bbox 237 1272 252 1305; x_wconf 87' lang='lat' dir='ltr'>s</span> <span class='ocrx_word' id='word_1_93' title='bbox 263 1258 332 1307; x_wconf 86' lang='lat' dir='ltr'>vitiis</span> <span class='ocrx_word' id='word_1_94' title='bbox 341 1258 455 1307; x_wconf 75' lang='lat' dir='ltr'>borsines</span> <span class='ocrx_word' id='word_1_95' title='bbox 466 1259 504 1309; x_wconf 89' lang='lat' dir='ltr'>uti</span> <span class='ocrx_word' id='word_1_96' title='bbox 516 1257 660 1321; x_wconf 78' lang='lat' dir='ltr'>profitetur.</span> <span class='ocrx_word' id='word_1_97' title='bbox 708 1262 768 1310; x_wconf 72' lang='lat' dir='ltr'>oli·</span> <span class='ocrx_word' id='word_1_98' title='bbox 779 1263 932 1312; x_wconf 74' lang='lat' dir='ltr'>urebantur:</span> <span class='ocrx_word' id='word_1_99' title='bbox 944 1264 1005 1312; x_wconf 86' lang='lat' dir='ltr'>bine</span> <span class='ocrx_word' id='word_1_100' title='bbox 1015 1265 1119 1328; x_wconf 85' lang='lat' dir='ltr'>proprie</span> <span class='ocrx_word' id='word_1_101' title='bbox 1128 1264 1231 1328; x_wconf 74' lang='lat' dir='ltr'>quiden</span> 
     </span>
     <span class='ocr_line' id='line_1_12' title="bbox 181 1330 1232 1402; baseline 0.01 -25"><span class='ocrx_word' id='word_1_102' title='bbox 181 1334 190 1377; x_wconf 98' lang='lat' dir='ltr'>l</span> <span class='ocrx_word' id='word_1_103' title='bbox 211 1332 320 1394; x_wconf 76' lang='lat' dir='ltr'>Eupolis]</span> <span class='ocrx_word' id='word_1_104' title='bbox 346 1330 484 1380; x_wconf 80' lang='lat' dir='ltr'>Exorditur</span> <span class='ocrx_word' id='word_1_105' title='bbox 504 1332 537 1380; x_wconf 87' lang='lat' dir='ltr'>sb</span> <span class='ocrx_word' id='word_1_106' title='bbox 558 1332 670 1396; x_wconf 74' lang='lat' dir='ltr'>entique</span> <span class='ocrx_word' id='word_1_107' title='bbox 708 1336 752 1399; x_wconf 80' lang='lat' dir='ltr'>qui</span> <span class='ocrx_word' id='word_1_108' title='bbox 764 1336 818 1384; x_wconf 81' lang='lat' dir='ltr'>sies</span> <span class='ocrx_word' id='word_1_109' title='bbox 828 1337 955 1388; x_wconf 80' lang='lat' dir='ltr'>bominem</span> <span class='ocrx_word' id='word_1_110' title='bbox 966 1338 1119 1401; x_wconf 76' lang='lat' dir='ltr'>occiderint,</span> <span class='ocrx_word' id='word_1_111' title='bbox 1127 1339 1172 1388; x_wconf 84' lang='lat' dir='ltr'>sed</span> <span class='ocrx_word' id='word_1_112' title='bbox 1185 1353 1232 1402; x_wconf 86' lang='lat' dir='ltr'>per</span> 
     </span>
    </p>

    <p class='ocr_par' dir='ltr' id='par_1_3' title="bbox 146 1407 1234 2213">
     <span class='ocr_line' id='line_1_13' title="bbox 148 1407 1232 1476; baseline 0.007 -21"><span class='ocrx_word' id='word_1_113' title='bbox 148 1407 286 1456; x_wconf 74' lang='lat' dir='ltr'>Cornoedioe</span> <span class='ocrx_word' id='word_1_114' title='bbox 305 1407 484 1470; x_wconf 71' lang='lat' dir='ltr'>scriptoribus,</span> <span class='ocrx_word' id='word_1_115' title='bbox 501 1415 529 1457; x_wconf 87' lang='lat' dir='ltr'>ut</span> <span class='ocrx_word' id='word_1_116' title='bbox 550 1408 599 1457; x_wconf 88' lang='lat' dir='ltr'>sibi</span> <span class='ocrx_word' id='word_1_117' title='bbox 616 1409 670 1472; x_wconf 87' lang='lat' dir='ltr'>qui·</span> <span class='ocrx_word' id='word_1_118' title='bbox 707 1409 855 1459; x_wconf 75' lang='lat' dir='ltr'>ebulonem</span> <span class='ocrx_word' id='word_1_119' title='bbox 871 1426 1033 1476; x_wconf 79' lang='lat' dir='ltr'>quocumque</span> <span class='ocrx_word' id='word_1_120' title='bbox 1049 1415 1102 1463; x_wconf 86' lang='lat' dir='ltr'>telo</span> <span class='ocrx_word' id='word_1_121' title='bbox 1119 1412 1146 1462; x_wconf 85' lang='lat' dir='ltr'>id</span> <span class='ocrx_word' id='word_1_122' title='bbox 1162 1411 1232 1463; x_wconf 80' lang='lat' dir='ltr'>ieee·</span> 
     </span>
     <span class='ocr_line' id='line_1_14' title="bbox 147 1480 1231 1551; baseline 0.007 -22"><span class='ocrx_word' id='word_1_123' title='bbox 147 1480 205 1529; x_wconf 80' lang='lat' dir='ltr'>dein</span> <span class='ocrx_word' id='word_1_124' title='bbox 216 1482 327 1530; x_wconf 88' lang='lat' dir='ltr'>nonnibll</span> <span class='ocrx_word' id='word_1_125' title='bbox 339 1480 408 1544; x_wconf 86' lang='lat' dir='ltr'>spud</span> <span class='ocrx_word' id='word_1_126' title='bbox 422 1482 549 1532; x_wconf 81' lang='lat' dir='ltr'>lionrsuos</span> <span class='ocrx_word' id='word_1_127' title='bbox 560 1483 671 1532; x_wconf 82' lang='lat' dir='ltr'>benero-</span> <span class='ocrx_word' id='word_1_128' title='bbox 709 1485 771 1545; x_wconf 85' lang='lat' dir='ltr'>riut,</span> <span class='ocrx_word' id='word_1_129' title='bbox 790 1484 909 1533; x_wconf 83' lang='lat' dir='ltr'>‘sleerii&#39;</span> <span class='ocrx_word' id='word_1_130' title='bbox 931 1487 1103 1549; x_wconf 86' lang='lat' dir='ltr'>sppellsrrtur,</span> <span class='ocrx_word' id='word_1_131' title='bbox 1124 1497 1152 1537; x_wconf 88' lang='lat' dir='ltr'>et</span> <span class='ocrx_word' id='word_1_132' title='bbox 1173 1489 1231 1551; x_wconf 68' lang='lat' dir='ltr'>lege</span> 
     </span>
     <span class='ocr_line' id='line_1_15' title="bbox 146 1555 1217 1620; baseline 0.007 -18"><span class='ocrx_word' id='word_1_133' title='bbox 146 1555 245 1615; x_wconf 76' lang='lat' dir='ltr'>leutius,</span> <span class='ocrx_word' id='word_1_134' title='bbox 265 1556 362 1604; x_wconf 75' lang='lat' dir='ltr'>bruellio</span> <span class='ocrx_word' id='word_1_135' title='bbox 384 1569 445 1604; x_wconf 84' lang='lat' dir='ltr'>vero</span> <span class='ocrx_word' id='word_1_136' title='bbox 465 1557 522 1618; x_wconf 89' lang='lat' dir='ltr'>plus</span> <span class='ocrx_word' id='word_1_137' title='bbox 539 1563 672 1620; x_wconf 81' lang='lat' dir='ltr'>comperet</span> <span class='ocrx_word' id='word_1_138' title='bbox 709 1557 827 1607; x_wconf 80' lang='lat' dir='ltr'>(luruelis</span> <span class='ocrx_word' id='word_1_139' title='bbox 836 1558 879 1607; x_wconf 87' lang='lat' dir='ltr'>De</span> <span class='ocrx_word' id='word_1_140' title='bbox 888 1560 987 1609; x_wconf 86' lang='lat' dir='ltr'>siesrlis</span> <span class='ocrx_word' id='word_1_141' title='bbox 996 1567 1125 1609; x_wconf 76' lang='lat' dir='ltr'>tenentur.</span> <span class='ocrx_word' id='word_1_142' title='bbox 1148 1561 1217 1610; x_wconf 75' lang='lat' dir='ltr'>l&#39;m.</span> 
     </span>
     <span class='ocr_line' id='line_1_16' title="bbox 146 1630 1231 1697; baseline 0.005 -19"><span class='ocrx_word' id='word_1_143' title='bbox 146 1630 261 1691; x_wconf 73' lang='lat' dir='ltr'>invidie,</span> <span class='ocrx_word' id='word_1_144' title='bbox 272 1631 355 1694; x_wconf 89' lang='lat' dir='ltr'>utqui</span> <span class='ocrx_word' id='word_1_145' title='bbox 365 1630 427 1681; x_wconf 82' lang='lat' dir='ltr'>sutis</span> <span class='ocrx_word' id='word_1_146' title='bbox 438 1639 514 1681; x_wconf 86' lang='lat' dir='ltr'>seule</span> <span class='ocrx_word' id='word_1_147' title='bbox 524 1640 552 1682; x_wconf 85' lang='lat' dir='ltr'>et</span> <span class='ocrx_word' id='word_1_148' title='bbox 562 1634 588 1682; x_wconf 90' lang='lat' dir='ltr'>iu</span> <span class='ocrx_word' id='word_1_149' title='bbox 600 1634 671 1683; x_wconf 79' lang='lat' dir='ltr'>cives</span> <span class='ocrx_word' id='word_1_150' title='bbox 740 1638 756 1680; x_wconf 84' lang='lat' dir='ltr'>ll</span> <span class='ocrx_word' id='word_1_151' title='bbox 776 1632 897 1695; x_wconf 71' lang='lat' dir='ltr'>rernm]</span> <span class='ocrx_word' id='word_1_152' title='bbox 915 1634 1001 1697; x_wconf 81' lang='lat' dir='ltr'>Ferus,</span> <span class='ocrx_word' id='word_1_153' title='bbox 1011 1648 1069 1696; x_wconf 73' lang='lat' dir='ltr'>qua</span> <span class='ocrx_word' id='word_1_154' title='bbox 1085 1634 1148 1682; x_wconf 88' lang='lat' dir='ltr'>nibil</span> <span class='ocrx_word' id='word_1_155' title='bbox 1162 1633 1231 1683; x_wconf 81' lang='lat' dir='ltr'>eliud</span> 
     </span>
     <span class='ocr_line' id='line_1_17' title="bbox 147 1705 1233 1770; baseline 0.002 -16"><span class='ocrx_word' id='word_1_156' title='bbox 147 1705 290 1754; x_wconf 69' lang='lat' dir='ltr'>mordacius</span> <span class='ocrx_word' id='word_1_157' title='bbox 304 1705 468 1768; x_wconf 71' lang='lat' dir='ltr'>scripsisset:</span> <span class='ocrx_word' id='word_1_158' title='bbox 490 1720 517 1753; x_wconf 88' lang='lat' dir='ltr'>se</span> <span class='ocrx_word' id='word_1_159' title='bbox 534 1720 594 1755; x_wconf 79' lang='lat' dir='ltr'>vero</span> <span class='ocrx_word' id='word_1_160' title='bbox 611 1706 673 1754; x_wconf 90' lang='lat' dir='ltr'>nibil</span> <span class='ocrx_word' id='word_1_161' title='bbox 709 1706 1069 1769; x_wconf 80' lang='lat' dir='ltr'>qusmeommunisdeuliquo</span> <span class='ocrx_word' id='word_1_162' title='bbox 1080 1707 1233 1770; x_wconf 83' lang='lat' dir='ltr'>populiopi·</span> 
     </span>
     <span class='ocr_line' id='line_1_18' title="bbox 148 1779 1232 1843; baseline 0.002 -15"><span class='ocrx_word' id='word_1_163' title='bbox 148 1781 201 1828; x_wconf 80' lang='lat' dir='ltr'>isle</span> <span class='ocrx_word' id='word_1_164' title='bbox 213 1779 342 1841; x_wconf 77' lang='lat' dir='ltr'>meditari,</span> <span class='ocrx_word' id='word_1_165' title='bbox 350 1793 434 1843; x_wconf 84' lang='lat' dir='ltr'>eque</span> <span class='ocrx_word' id='word_1_166' title='bbox 446 1780 579 1831; x_wconf 81' lang='lat' dir='ltr'>virulentis</span> <span class='ocrx_word' id='word_1_167' title='bbox 590 1783 672 1831; x_wconf 84' lang='lat' dir='ltr'>blsts·</span> <span class='ocrx_word' id='word_1_168' title='bbox 709 1779 752 1827; x_wconf 81' lang='lat' dir='ltr'>uio</span> <span class='ocrx_word' id='word_1_169' title='bbox 769 1787 820 1839; x_wconf 87' lang='lat' dir='ltr'>est,</span> <span class='ocrx_word' id='word_1_170' title='bbox 837 1787 865 1830; x_wconf 90' lang='lat' dir='ltr'>ut</span> <span class='ocrx_word' id='word_1_171' title='bbox 883 1787 953 1829; x_wconf 86' lang='lat' dir='ltr'>reete</span> <span class='ocrx_word' id='word_1_172' title='bbox 970 1789 1061 1830; x_wconf 81' lang='lat' dir='ltr'>cesset</span> <span class='ocrx_word' id='word_1_173' title='bbox 1078 1782 1185 1842; x_wconf 80' lang='lat' dir='ltr'>Nonius,</span> <span class='ocrx_word' id='word_1_174' title='bbox 1206 1783 1232 1830; x_wconf 87' lang='lat' dir='ltr'>irs</span> 
     </span>
     <span class='ocr_line' id='line_1_19' title="bbox 147 1852 1234 1918; baseline 0.003 -16"><span class='ocrx_word' id='word_1_175' title='bbox 147 1855 465 1918; x_wconf 74' lang='lat' dir='ltr'>ramentisrequeanusm</span> <span class='ocrx_word' id='word_1_176' title='bbox 474 1856 539 1904; x_wconf 83' lang='lat' dir='ltr'>velle</span> <span class='ocrx_word' id='word_1_177' title='bbox 549 1858 672 1918; x_wconf 88' lang='lat' dir='ltr'>perstrin·</span> <span class='ocrx_word' id='word_1_178' title='bbox 709 1862 844 1916; x_wconf 77' lang='lat' dir='ltr'>utrumque</span> <span class='ocrx_word' id='word_1_179' title='bbox 859 1862 959 1917; x_wconf 82' lang='lat' dir='ltr'>perlem</span> <span class='ocrx_word' id='word_1_180' title='bbox 973 1852 1116 1918; x_wconf 75' lang='lat' dir='ltr'>seeipitnrz</span> <span class='ocrx_word' id='word_1_181' title='bbox 1125 1857 1234 1916; x_wconf 77' lang='lat' dir='ltr'>susem</span> 
     </span>
     <span class='ocr_line' id='line_1_20' title="bbox 148 1927 1233 1991; baseline 0.005 -16"><span class='ocrx_word' id='word_1_182' title='bbox 148 1941 218 1988; x_wconf 72' lang='lat' dir='ltr'>gere,</span> <span class='ocrx_word' id='word_1_183' title='bbox 236 1928 280 1976; x_wconf 90' lang='lat' dir='ltr'>sed</span> <span class='ocrx_word' id='word_1_184' title='bbox 301 1928 400 1976; x_wconf 83' lang='lat' dir='ltr'>nrbsue</span> <span class='ocrx_word' id='word_1_185' title='bbox 418 1935 518 1977; x_wconf 83' lang='lat' dir='ltr'>tentum</span> <span class='ocrx_word' id='word_1_186' title='bbox 538 1935 566 1978; x_wconf 86' lang='lat' dir='ltr'>et</span> <span class='ocrx_word' id='word_1_187' title='bbox 586 1928 672 1980; x_wconf 80' lang='lat' dir='ltr'>iseetu</span> <span class='ocrx_word' id='word_1_188' title='bbox 710 1940 814 1989; x_wconf 82' lang='lat' dir='ltr'>seesper</span> <span class='ocrx_word' id='word_1_189' title='bbox 829 1941 875 1990; x_wconf 89' lang='lat' dir='ltr'>pro</span> <span class='ocrx_word' id='word_1_190' title='bbox 886 1927 983 1991; x_wconf 79' lang='lat' dir='ltr'>iuisnl,</span> <span class='ocrx_word' id='word_1_191' title='bbox 1000 1936 1030 1977; x_wconf 89' lang='lat' dir='ltr'>ut</span> <span class='ocrx_word' id='word_1_192' title='bbox 1045 1930 1132 1978; x_wconf 80' lang='lat' dir='ltr'>mullis</span> <span class='ocrx_word' id='word_1_193' title='bbox 1147 1944 1233 1980; x_wconf 80' lang='lat' dir='ltr'>exeus-</span> 
     </span>
     <span class='ocr_line' id='line_1_21' title="bbox 147 2001 1234 2064; baseline 0.006 -14"><span class='ocrx_word' id='word_1_194' title='bbox 147 2003 426 2064; x_wconf 74' lang='lat' dir='ltr'>ronrusucsrtigstlune</span> <span class='ocrx_word' id='word_1_195' title='bbox 441 2003 672 2056; x_wconf 82' lang='lat' dir='ltr'>elressvitilsde·</span> <span class='ocrx_word' id='word_1_196' title='bbox 709 2001 933 2064; x_wconf 75' lang='lat' dir='ltr'>plisidemdocrl.</span> <span class='ocrx_word' id='word_1_197' title='bbox 963 2004 1054 2054; x_wconf 80' lang='lat' dir='ltr'>Hine‘</span> <span class='ocrx_word' id='word_1_198' title='bbox 1066 2005 1185 2054; x_wconf 82' lang='lat' dir='ltr'>mulieres</span> <span class='ocrx_word' id='word_1_199' title='bbox 1195 2003 1234 2055; x_wconf 76' lang='lat' dir='ltr'>fs·</span> 
     </span>
     <span class='ocr_line' id='line_1_22' title="bbox 147 2076 1232 2142; baseline 0.005 -17"><span class='ocrx_word' id='word_1_200' title='bbox 147 2084 254 2125; x_wconf 84' lang='lat' dir='ltr'>terrere.</span> <span class='ocrx_word' id='word_1_201' title='bbox 288 2079 411 2141; x_wconf 65' lang='lat' dir='ltr'>minu]</span> <span class='ocrx_word' id='word_1_202' title='bbox 430 2078 533 2128; x_wconf 79' lang='lat' dir='ltr'>Persius</span> <span class='ocrx_word' id='word_1_203' title='bbox 548 2079 616 2129; x_wconf 78' lang='lat' dir='ltr'>hooc</span> <span class='ocrx_word' id='word_1_204' title='bbox 628 2096 672 2131; x_wconf 71' lang='lat' dir='ltr'>en.</span> <span class='ocrx_word' id='word_1_205' title='bbox 709 2076 804 2138; x_wconf 57' lang='grc' dir='ltr'>απαξ</span> <span class='ocrx_word' id='word_1_206' title='bbox 812 2077 911 2126; x_wconf 77' lang='lat' dir='ltr'>eodem</span> <span class='ocrx_word' id='word_1_207' title='bbox 919 2085 994 2142; x_wconf 71' lang='lat' dir='ltr'>quo·</span> <span class='ocrx_word' id='word_1_208' title='bbox 1000 2079 1146 2142; x_wconf 71' lang='lat' dir='ltr'>probrare!</span> <span class='ocrx_word' id='word_1_209' title='bbox 1163 2080 1232 2130; x_wconf 68' lang='lat' dir='ltr'>fuer.</span> 
     </span>
     <span class='ocr_line' id='line_1_23' title="bbox 147 2149 1024 2213; baseline 0.005 -17"><span class='ocrx_word' id='word_1_210' title='bbox 147 2149 236 2198; x_wconf 83' lang='lat' dir='ltr'>dseeiu</span> <span class='ocrx_word' id='word_1_211' title='bbox 252 2150 376 2211; x_wconf 77' lang='lat' dir='ltr'>nominet,</span> <span class='ocrx_word' id='word_1_212' title='bbox 386 2153 453 2213; x_wconf 85' lang='lat' dir='ltr'>quud</span> <span class='ocrx_word' id='word_1_213' title='bbox 470 2152 580 2202; x_wconf 77' lang='lat' dir='ltr'>murinis</span> <span class='ocrx_word' id='word_1_214' title='bbox 596 2155 671 2204; x_wconf 91' lang='lat' dir='ltr'>liber·</span> <span class='ocrx_word' id='word_1_215' title='bbox 710 2152 835 2213; x_wconf 69' lang='lat' dir='ltr'>Furiosus]</span> <span class='ocrx_word' id='word_1_216' title='bbox 852 2153 930 2202; x_wconf 67' lang='lat' dir='ltr'>Mela</span> <span class='ocrx_word' id='word_1_217' title='bbox 941 2152 1024 2202; x_wconf 74' lang='lat' dir='ltr'>furnes.</span> 
     </span>
    </p>

    <p class='ocr_par' dir='ltr' id='par_1_4' title="bbox 147 2224 1233 2292">
     <span class='ocr_line' id='line_1_24' title="bbox 147 2224 1233 2292; baseline 0.007 -21"><span class='ocrx_word' id='word_1_218' title='bbox 147 2231 202 2272; x_wconf 85' lang='lat' dir='ltr'>tute</span> <span class='ocrx_word' id='word_1_219' title='bbox 224 2224 359 2284; x_wconf 84' lang='lat' dir='ltr'>esrpserlt,</span> <span class='ocrx_word' id='word_1_220' title='bbox 387 2231 415 2272; x_wconf 87' lang='lat' dir='ltr'>et</span> <span class='ocrx_word' id='word_1_221' title='bbox 438 2227 581 2276; x_wconf 86' lang='lat' dir='ltr'>seerbitste</span> <span class='ocrx_word' id='word_1_222' title='bbox 605 2230 671 2278; x_wconf 84' lang='lat' dir='ltr'>urire</span> <span class='ocrx_word' id='word_1_223' title='bbox 740 2225 851 2286; x_wconf 67' lang='lat' dir='ltr'>illinc]</span> <span class='ocrx_word' id='word_1_224' title='bbox 869 2225 972 2275; x_wconf 80' lang='lat' dir='ltr'>Abiilis</span> <span class='ocrx_word' id='word_1_225' title='bbox 984 2226 1083 2275; x_wconf 61' lang='lat' dir='ltr'>Publia·</span> <span class='ocrx_word' id='word_1_226' title='bbox 1115 2226 1233 2292; x_wconf 65' lang='lat' dir='ltr'>belliue]</span> 
     </span>
    </p>

    <p class='ocr_par' dir='ltr' id='par_1_5' title="bbox 147 2295 1235 2363">
     <span class='ocr_line' id='line_1_25' title="bbox 147 2295 1235 2363; baseline 0.006 -19"><span class='ocrx_word' id='word_1_227' title='bbox 147 2295 299 2360; x_wconf 76' lang='lat' dir='ltr'>prosciderit</span> <span class='ocrx_word' id='word_1_228' title='bbox 308 2295 503 2346; x_wconf 72' lang='lat' dir='ltr'>Atheniensium</span> <span class='ocrx_word' id='word_1_229' title='bbox 513 2300 586 2349; x_wconf 84' lang='lat' dir='ltr'>ritis.</span> <span class='ocrx_word' id='word_1_230' title='bbox 599 2301 670 2363; x_wconf 72' lang='lat' dir='ltr'>eosq.</span> <span class='ocrx_word' id='word_1_231' title='bbox 709 2298 867 2359; x_wconf 66' lang='lat' dir='ltr'>&amp;gremino</span> <span class='ocrx_word' id='word_1_232' title='bbox 881 2298 985 2359; x_wconf 78' lang='lat' dir='ltr'>Bessus,</span> <span class='ocrx_word' id='word_1_233' title='bbox 1005 2300 1090 2361; x_wconf 80' lang='lat' dir='ltr'>petris</span> <span class='ocrx_word' id='word_1_234' title='bbox 1102 2299 1235 2349; x_wconf 75' lang='lat' dir='ltr'>Ausones·</span> 
     </span>
    </p>

    <p class='ocr_par' dir='ltr' id='par_1_6' title="bbox 148 2368 1233 2432">
     <span class='ocr_line' id='line_1_26' title="bbox 148 2368 1233 2432; baseline 0.005 -15"><span class='ocrx_word' id='word_1_235' title='bbox 148 2368 259 2432; x_wconf 79' lang='lat' dir='ltr'>Eupnlis]</span> <span class='ocrx_word' id='word_1_236' title='bbox 274 2369 462 2420; x_wconf 82' lang='lat' dir='ltr'>Quinctilisnus</span> <span class='ocrx_word' id='word_1_237' title='bbox 471 2370 518 2419; x_wconf 89' lang='lat' dir='ltr'>lib.</span> <span class='ocrx_word' id='word_1_238' title='bbox 530 2385 559 2421; x_wconf 89' lang='lat' dir='ltr'>x.</span> <span class='ocrx_word' id='word_1_239' title='bbox 573 2372 606 2421; x_wconf 88' lang='lat' dir='ltr'>ds</span> <span class='ocrx_word' id='word_1_240' title='bbox 617 2373 669 2422; x_wconf 77' lang='lat' dir='ltr'>An·</span> <span class='ocrx_word' id='word_1_241' title='bbox 706 2384 765 2430; x_wconf 89' lang='lat' dir='ltr'>nus,</span> <span class='ocrx_word' id='word_1_242' title='bbox 775 2372 894 2417; x_wconf 80' lang='lat' dir='ltr'>inventor</span> <span class='ocrx_word' id='word_1_243' title='bbox 904 2372 1005 2429; x_wconf 67' lang='lat' dir='ltr'>Satyra</span> <span class='ocrx_word' id='word_1_244' title='bbox 1017 2371 1085 2432; x_wconf 85' lang='lat' dir='ltr'>spud</span> <span class='ocrx_word' id='word_1_245' title='bbox 1096 2373 1233 2424; x_wconf 62' lang='lat' dir='ltr'>Romanum</span> 
     </span>
    </p>
   </div>
   <div class='ocr_carea' id='block_1_3' title="bbox 148 2439 1336 2508">
    <p class='ocr_par' dir='ltr' id='par_1_7' title="bbox 148 2439 1336 2508">
     <span class='ocr_line' id='line_1_27' title="bbox 148 2439 1336 2508; baseline 0 -15"><span class='ocrx_word' id='word_1_246' title='bbox 148 2446 220 2508; x_wconf 77' lang='lat' dir='ltr'>tique</span> <span class='ocrx_word' id='word_1_247' title='bbox 242 2443 372 2494; x_wconf 63' lang='lat' dir='ltr'>ennodii</span> <span class='ocrx_word' id='word_1_248' title='bbox 394 2451 518 2506; x_wconf 74' lang='lat' dir='ltr'>tracteris,</span> <span class='ocrx_word' id='word_1_249' title='bbox 538 2447 672 2505; x_wconf 83' lang='lat' dir='ltr'>‘Plures,&#39;</span> <span class='ocrx_word' id='word_1_250' title='bbox 707 2443 747 2487; x_wconf 87' lang='lat' dir='ltr'>De</span> <span class='ocrx_word' id='word_1_251' title='bbox 760 2453 810 2500; x_wconf 87' lang='lat' dir='ltr'>quo</span> <span class='ocrx_word' id='word_1_252' title='bbox 822 2441 862 2486; x_wconf 88' lang='lat' dir='ltr'>sle</span> <span class='ocrx_word' id='word_1_253' title='bbox 873 2439 999 2488; x_wconf 81' lang='lat' dir='ltr'>inuetil.</span> <span class='ocrx_word' id='word_1_254' title='bbox 1015 2441 1061 2490; x_wconf 88' lang='lat' dir='ltr'>lib.</span> <span class='ocrx_word' id='word_1_255' title='bbox 1077 2456 1105 2488; x_wconf 83' lang='lat' dir='ltr'>x.</span> <span class='ocrx_word' id='word_1_256' title='bbox 1120 2447 1234 2508; x_wconf 69' lang='lat' dir='ltr'>‘betyn</span> <span class='ocrx_word' id='word_1_257' title='bbox 1332 2454 1336 2459; x_wconf 88' lang='lat'>&#39;</span> 
     </span>
    </p>
   </div>
   <div class='ocr_carea' id='block_1_4' title="bbox 146 2510 1237 3609">
    <p class='ocr_par' dir='ltr' id='par_1_8' title="bbox 146 2510 1237 3609">
     <span class='ocr_line' id='line_1_28' title="bbox 148 2510 1234 2584; baseline -0.003 -17"><span class='ocrx_word' id='word_1_258' title='bbox 148 2520 238 2584; x_wconf 81' lang='lat' dir='ltr'>inquit,</span> <span class='ocrx_word' id='word_1_259' title='bbox 252 2522 260 2548; x_wconf 79' lang='lat'><strong>⁴</strong></span> <span class='ocrx_word' id='word_1_260' title='bbox 274 2519 330 2581; x_wconf 88' lang='lat' dir='ltr'>ejus</span> <span class='ocrx_word' id='word_1_261' title='bbox 345 2526 477 2577; x_wconf 74' lang='lat' dir='ltr'>suctores,</span> <span class='ocrx_word' id='word_1_262' title='bbox 489 2516 673 2576; x_wconf 73' lang='lat' dir='ltr'>Aristoplrsues</span> <span class='ocrx_word' id='word_1_263' title='bbox 707 2510 810 2574; x_wconf 69' lang='lat' dir='ltr'>quidem</span> <span class='ocrx_word' id='word_1_264' title='bbox 822 2517 974 2559; x_wconf 65' lang='lat' dir='ltr'>loltnmlr&#39;t</span> <span class='ocrx_word' id='word_1_265' title='bbox 984 2521 1033 2572; x_wconf 59' lang='grc' dir='ltr'>δεῖ,</span> <span class='ocrx_word' id='word_1_266' title='bbox 1043 2513 1069 2559; x_wconf 83' lang='lat' dir='ltr'>in</span> <span class='ocrx_word' id='word_1_267' title='bbox 1078 2517 1234 2576; x_wconf 78' lang='lat' dir='ltr'>qusprinos</span> 
     </span>
     <span class='ocr_line' id='line_1_29' title="bbox 146 2582 1234 2652; baseline -0.002 -14"><span class='ocrx_word' id='word_1_268' title='bbox 146 2600 232 2642; x_wconf 79' lang='lat' dir='ltr'>temen</span> <span class='ocrx_word' id='word_1_269' title='bbox 248 2599 274 2641; x_wconf 83' lang='lat' dir='ltr'>ei</span> <span class='ocrx_word' id='word_1_270' title='bbox 293 2592 399 2652; x_wconf 78' lang='lat' dir='ltr'>Eupolis</span> <span class='ocrx_word' id='word_1_271' title='bbox 419 2589 588 2650; x_wconf 79' lang='lat' dir='ltr'>Crstlnusqne</span> <span class='ocrx_word' id='word_1_272' title='bbox 607 2603 672 2651; x_wconf 60' lang='lat' dir='ltr'>pra.</span> <span class='ocrx_word' id='word_1_273' title='bbox 708 2583 833 2644; x_wconf 64' lang='lat' dir='ltr'>insignem</span> <span class='ocrx_word' id='word_1_274' title='bbox 852 2582 954 2631; x_wconf 76' lang='lat' dir='ltr'>leudem</span> <span class='ocrx_word' id='word_1_275' title='bbox 974 2583 1085 2645; x_wconf 81' lang='lat' dir='ltr'>edeplus</span> <span class='ocrx_word' id='word_1_276' title='bbox 1104 2593 1143 2634; x_wconf 89' lang='lat' dir='ltr'>est</span> <span class='ocrx_word' id='word_1_277' title='bbox 1159 2587 1234 2636; x_wconf 81' lang='lat' dir='ltr'>Lurl·</span> 
     </span>
     <span class='ocr_line' id='line_1_30' title="bbox 147 2655 1234 2727; baseline -0.005 -12"><span class='ocrx_word' id='word_1_278' title='bbox 147 2665 234 2727; x_wconf 63' lang='lat' dir='ltr'>cipri?</span> <span class='ocrx_word' id='word_1_279' title='bbox 270 2665 324 2710; x_wconf 85' lang='lat' dir='ltr'>llos</span> <span class='ocrx_word' id='word_1_280' title='bbox 341 2662 421 2723; x_wconf 74' lang='lat' dir='ltr'>igliur</span> <span class='ocrx_word' id='word_1_281' title='bbox 437 2671 491 2709; x_wconf 85' lang='lat' dir='ltr'>tres</span> <span class='ocrx_word' id='word_1_282' title='bbox 508 2661 605 2710; x_wconf 85' lang='lat' dir='ltr'>veteris</span> <span class='ocrx_word' id='word_1_283' title='bbox 623 2662 672 2710; x_wconf 88' lang='lat' dir='ltr'>Co·</span> <span class='ocrx_word' id='word_1_284' title='bbox 707 2657 766 2715; x_wconf 90' lang='lat' dir='ltr'>llus,</span> <span class='ocrx_word' id='word_1_285' title='bbox 784 2657 826 2720; x_wconf 80' lang='lat' dir='ltr'>qui</span> <span class='ocrx_word' id='word_1_286' title='bbox 843 2655 966 2719; x_wconf 82' lang='lat' dir='ltr'>quondum</span> <span class='ocrx_word' id='word_1_287' title='bbox 984 2656 1019 2705; x_wconf 81' lang='lat' dir='ltr'>its</span> <span class='ocrx_word' id='word_1_288' title='bbox 1036 2656 1137 2706; x_wconf 91' lang='lat' dir='ltr'>deditos</span> <span class='ocrx_word' id='word_1_289' title='bbox 1152 2660 1234 2710; x_wconf 86' lang='lat' dir='ltr'>sdbue</span> 
     </span>
     <span class='ocr_line' id='line_1_31' title="bbox 147 2730 1233 2798; baseline -0.006 -12"><span class='ocrx_word' id='word_1_290' title='bbox 147 2737 248 2786; x_wconf 81' lang='lat' dir='ltr'>rnoedioe</span> <span class='ocrx_word' id='word_1_291' title='bbox 259 2736 388 2797; x_wconf 84' lang='lat' dir='ltr'>principes</span> <span class='ocrx_word' id='word_1_292' title='bbox 398 2734 505 2781; x_wconf 77' lang='lat' dir='ltr'>Flaccus</span> <span class='ocrx_word' id='word_1_293' title='bbox 514 2739 602 2781; x_wconf 85' lang='lat' dir='ltr'>nester</span> <span class='ocrx_word' id='word_1_294' title='bbox 611 2735 672 2783; x_wconf 87' lang='lat' dir='ltr'>mol·</span> <span class='ocrx_word' id='word_1_295' title='bbox 708 2730 787 2780; x_wconf 82' lang='lat' dir='ltr'>lrsbet</span> <span class='ocrx_word' id='word_1_296' title='bbox 796 2730 843 2779; x_wconf 90' lang='lat' dir='ltr'>sibi</span> <span class='ocrx_word' id='word_1_297' title='bbox 852 2736 990 2791; x_wconf 85' lang='lat' dir='ltr'>smstores,</span> <span class='ocrx_word' id='word_1_298' title='bbox 1000 2739 1028 2779; x_wconf 82' lang='lat' dir='ltr'>ut</span> <span class='ocrx_word' id='word_1_299' title='bbox 1036 2745 1093 2780; x_wconf 84' lang='lat' dir='ltr'>eum</span> <span class='ocrx_word' id='word_1_300' title='bbox 1105 2745 1155 2780; x_wconf 87' lang='lat' dir='ltr'>nun</span> <span class='ocrx_word' id='word_1_301' title='bbox 1167 2735 1233 2798; x_wconf 76' lang='lat' dir='ltr'>ejus·</span> 
     </span>
     <span class='ocr_line' id='line_1_32' title="bbox 147 2804 1234 2867; baseline -0.001 -9"><span class='ocrx_word' id='word_1_302' title='bbox 147 2810 242 2859; x_wconf 84' lang='lat' dir='ltr'>lissime</span> <span class='ocrx_word' id='word_1_303' title='bbox 255 2822 305 2856; x_wconf 87' lang='lat' dir='ltr'>uno</span> <span class='ocrx_word' id='word_1_304' title='bbox 318 2820 392 2854; x_wconf 78' lang='lat' dir='ltr'>versu</span> <span class='ocrx_word' id='word_1_305' title='bbox 404 2807 554 2866; x_wconf 80' lang='lat' dir='ltr'>complexus</span> <span class='ocrx_word' id='word_1_306' title='bbox 566 2815 614 2855; x_wconf 82' lang='lat' dir='ltr'>esi.</span> <span class='ocrx_word' id='word_1_307' title='bbox 636 2808 673 2855; x_wconf 90' lang='lat' dir='ltr'>ll·</span> <span class='ocrx_word' id='word_1_308' title='bbox 709 2805 767 2852; x_wconf 81' lang='lat' dir='ltr'>deur</span> <span class='ocrx_word' id='word_1_309' title='bbox 779 2804 852 2852; x_wconf 83' lang='lat' dir='ltr'>ruodo</span> <span class='ocrx_word' id='word_1_310' title='bbox 863 2805 949 2867; x_wconf 79' lang='lat' dir='ltr'>operis</span> <span class='ocrx_word' id='word_1_311' title='bbox 957 2805 1115 2866; x_wconf 74' lang='lat' dir='ltr'>sartoribus,</span> <span class='ocrx_word' id='word_1_312' title='bbox 1123 2807 1169 2856; x_wconf 85' lang='lat' dir='ltr'>sed</span> <span class='ocrx_word' id='word_1_313' title='bbox 1181 2822 1234 2857; x_wconf 85' lang='lat' dir='ltr'>our·</span> 
     </span>
     <span class='ocr_line' id='line_1_33' title="bbox 147 2878 1234 2943; baseline 0 -10"><span class='ocrx_word' id='word_1_314' title='bbox 147 2884 289 2933; x_wconf 81' lang='lat' dir='ltr'>ludentem</span> <span class='ocrx_word' id='word_1_315' title='bbox 308 2880 340 2929; x_wconf 90' lang='lat' dir='ltr'>de</span> <span class='ocrx_word' id='word_1_316' title='bbox 357 2880 486 2943; x_wconf 82' lang='lat' dir='ltr'>Eupolide</span> <span class='ocrx_word' id='word_1_317' title='bbox 499 2881 672 2943; x_wconf 85' lang='lat' dir='ltr'>memorublle,</span> <span class='ocrx_word' id='word_1_318' title='bbox 707 2878 781 2927; x_wconf 88' lang='lat' dir='ltr'>uibus</span> <span class='ocrx_word' id='word_1_319' title='bbox 792 2878 884 2929; x_wconf 72' lang='lat' dir='ltr'>Peitis</span> <span class='ocrx_word' id='word_1_320' title='bbox 902 2878 1025 2941; x_wconf 74' lang='lat' dir='ltr'>preferre</span> <span class='ocrx_word' id='word_1_321' title='bbox 1042 2895 1092 2930; x_wconf 89' lang='lat' dir='ltr'>non</span> <span class='ocrx_word' id='word_1_322' title='bbox 1103 2881 1234 2934; x_wconf 79' lang='lat' dir='ltr'>dubitent.</span> 
     </span>
     <span class='ocr_line' id='line_1_34' title="bbox 149 2954 1235 3024; baseline -0.001 -15"><span class='ocrx_word' id='word_1_323' title='bbox 149 2959 217 3024; x_wconf 81' lang='lat' dir='ltr'>quud</span> <span class='ocrx_word' id='word_1_324' title='bbox 227 2958 318 3007; x_wconf 73' lang='lat' dir='ltr'>fluidus</span> <span class='ocrx_word' id='word_1_325' title='bbox 333 2971 392 3006; x_wconf 85' lang='lat' dir='ltr'>eum</span> <span class='ocrx_word' id='word_1_326' title='bbox 410 2956 477 3006; x_wconf 84' lang='lat' dir='ltr'>bello</span> <span class='ocrx_word' id='word_1_327' title='bbox 494 2957 614 3006; x_wconf 74' lang='lat' dir='ltr'>adversus</span> <span class='ocrx_word' id='word_1_328' title='bbox 624 2959 672 3007; x_wconf 81' lang='lat' dir='ltr'>Le·</span> <span class='ocrx_word' id='word_1_329' title='bbox 709 2955 764 3015; x_wconf 72' lang='lat' dir='ltr'>Ego</span> <span class='ocrx_word' id='word_1_330' title='bbox 776 2962 895 3017; x_wconf 75' lang='lat' dir='ltr'>quantun</span> <span class='ocrx_word' id='word_1_331' title='bbox 909 2954 941 3003; x_wconf 88' lang='lat' dir='ltr'>sb</span> <span class='ocrx_word' id='word_1_332' title='bbox 953 2955 1013 3014; x_wconf 90' lang='lat' dir='ltr'>illis,</span> <span class='ocrx_word' id='word_1_333' title='bbox 1024 2963 1123 3004; x_wconf 81' lang='lat' dir='ltr'>tentum</span> <span class='ocrx_word' id='word_1_334' title='bbox 1135 2958 1168 3006; x_wconf 84' lang='lat' dir='ltr'>sb</span> <span class='ocrx_word' id='word_1_335' title='bbox 1180 2958 1235 3008; x_wconf 78' lang='lat' dir='ltr'>Ho-</span> 
     </span>
     <span class='ocr_line' id='line_1_35' title="bbox 147 3028 1234 3094; baseline 0 -12"><span class='ocrx_word' id='word_1_336' title='bbox 147 3032 317 3082; x_wconf 80' lang='lat' dir='ltr'>eedaemouios</span> <span class='ocrx_word' id='word_1_337' title='bbox 329 3031 397 3094; x_wconf 85' lang='lat' dir='ltr'>spud</span> <span class='ocrx_word' id='word_1_338' title='bbox 406 3030 602 3093; x_wconf 83' lang='lat' dir='ltr'>Hellespontum</span> <span class='ocrx_word' id='word_1_339' title='bbox 611 3045 671 3080; x_wconf 81' lang='lat' dir='ltr'>nsu-</span> <span class='ocrx_word' id='word_1_340' title='bbox 710 3028 774 3077; x_wconf 85' lang='lat' dir='ltr'>rslio</span> <span class='ocrx_word' id='word_1_341' title='bbox 792 3028 924 3089; x_wconf 85' lang='lat' dir='ltr'>dissentio,</span> <span class='ocrx_word' id='word_1_342' title='bbox 942 3028 984 3090; x_wconf 87' lang='lat' dir='ltr'>qui</span> <span class='ocrx_word' id='word_1_343' title='bbox 1004 3029 1132 3078; x_wconf 80' lang='lat' dir='ltr'>Lucilium</span> <span class='ocrx_word' id='word_1_344' title='bbox 1152 3030 1234 3082; x_wconf 80' lang='lat' dir='ltr'>iissre</span> 
     </span>
     <span class='ocr_line' id='line_1_36' title="bbox 146 3102 1235 3171; baseline -0.002 -15"><span class='ocrx_word' id='word_1_345' title='bbox 146 3106 230 3171; x_wconf 72' lang='lat' dir='ltr'>fregio</span> <span class='ocrx_word' id='word_1_346' title='bbox 237 3107 381 3155; x_wconf 79' lang='lat' dir='ltr'>extinctum</span> <span class='ocrx_word' id='word_1_347' title='bbox 391 3105 479 3166; x_wconf 81' lang='lat' dir='ltr'>trudit,</span> <span class='ocrx_word' id='word_1_348' title='bbox 488 3106 555 3154; x_wconf 86' lang='lat' dir='ltr'>unde</span> <span class='ocrx_word' id='word_1_349' title='bbox 565 3107 672 3155; x_wconf 82' lang='lat' dir='ltr'>vetitum</span> <span class='ocrx_word' id='word_1_350' title='bbox 708 3103 871 3161; x_wconf 82' lang='lat' dir='ltr'>lutulentum,</span> <span class='ocrx_word' id='word_1_351' title='bbox 882 3109 910 3150; x_wconf 90' lang='lat' dir='ltr'>et</span> <span class='ocrx_word' id='word_1_352' title='bbox 921 3115 976 3150; x_wconf 83' lang='lat' dir='ltr'>esse</span> <span class='ocrx_word' id='word_1_353' title='bbox 988 3102 1083 3165; x_wconf 86' lang='lat' dir='ltr'>sliqnid</span> <span class='ocrx_word' id='word_1_354' title='bbox 1098 3104 1166 3167; x_wconf 86' lang='lat' dir='ltr'>quod</span> <span class='ocrx_word' id='word_1_355' title='bbox 1186 3107 1235 3154; x_wconf 83' lang='lat' dir='ltr'>tol·</span> 
     </span>
     <span class='ocr_line' id='line_1_37' title="bbox 148 3178 1234 3243; baseline 0.002 -16"><span class='ocrx_word' id='word_1_356' title='bbox 148 3179 230 3229; x_wconf 76' lang='lat' dir='ltr'>suerit</span> <span class='ocrx_word' id='word_1_357' title='bbox 241 3194 274 3228; x_wconf 87' lang='lat' dir='ltr'>ue</span> <span class='ocrx_word' id='word_1_358' title='bbox 284 3181 341 3243; x_wconf 80' lang='lat' dir='ltr'>quis</span> <span class='ocrx_word' id='word_1_359' title='bbox 353 3179 436 3227; x_wconf 73' lang='lat' dir='ltr'>Pobls</span> <span class='ocrx_word' id='word_1_360' title='bbox 450 3180 580 3228; x_wconf 85' lang='lat' dir='ltr'>militsret.</span> <span class='ocrx_word' id='word_1_361' title='bbox 604 3179 672 3227; x_wconf 80' lang='lat' dir='ltr'>Torr.</span> <span class='ocrx_word' id='word_1_362' title='bbox 709 3179 763 3225; x_wconf 90' lang='lat' dir='ltr'>lere</span> <span class='ocrx_word' id='word_1_363' title='bbox 774 3178 854 3238; x_wconf 88' lang='lat' dir='ltr'>possis</span> <span class='ocrx_word' id='word_1_364' title='bbox 868 3181 958 3238; x_wconf 77' lang='lat' dir='ltr'>putei:</span> <span class='ocrx_word' id='word_1_365' title='bbox 977 3191 1034 3225; x_wconf 83' lang='lat' dir='ltr'>num</span> <span class='ocrx_word' id='word_1_366' title='bbox 1046 3186 1074 3226; x_wconf 88' lang='lat' dir='ltr'>et</span> <span class='ocrx_word' id='word_1_367' title='bbox 1085 3178 1197 3227; x_wconf 80' lang='lat' dir='ltr'>eruditio</span> <span class='ocrx_word' id='word_1_368' title='bbox 1207 3180 1234 3229; x_wconf 81' lang='lat' dir='ltr'>ln</span> 
     </span>
     <span class='ocr_line' id='line_1_38' title="bbox 149 3250 1235 3316; baseline 0 -15"><span class='ocrx_word' id='word_1_369' title='bbox 149 3255 257 3316; x_wconf 77' lang='lat' dir='ltr'>Eupolis,</span> <span class='ocrx_word' id='word_1_370' title='bbox 279 3253 332 3315; x_wconf 74' lang='lat' dir='ltr'>isn]</span> <span class='ocrx_word' id='word_1_371' title='bbox 359 3253 393 3301; x_wconf 83' lang='lat' dir='ltr'>lli</span> <span class='ocrx_word' id='word_1_372' title='bbox 416 3255 547 3316; x_wconf 83' lang='lat' dir='ltr'>principes</span> <span class='ocrx_word' id='word_1_373' title='bbox 569 3252 673 3301; x_wconf 79' lang='lat' dir='ltr'>fuerunt</span> <span class='ocrx_word' id='word_1_374' title='bbox 713 3266 744 3299; x_wconf 83' lang='lat' dir='ltr'>eo</span> <span class='ocrx_word' id='word_1_375' title='bbox 756 3252 830 3314; x_wconf 85' lang='lat' dir='ltr'>rnirs,</span> <span class='ocrx_word' id='word_1_376' title='bbox 840 3259 868 3299; x_wconf 87' lang='lat' dir='ltr'>et</span> <span class='ocrx_word' id='word_1_377' title='bbox 879 3250 993 3306; x_wconf 82' lang='lat' dir='ltr'>libertus,</span> <span class='ocrx_word' id='word_1_378' title='bbox 1004 3259 1080 3315; x_wconf 80' lang='lat' dir='ltr'>utque</span> <span class='ocrx_word' id='word_1_379' title='bbox 1092 3253 1151 3300; x_wconf 89' lang='lat' dir='ltr'>inde</span> <span class='ocrx_word' id='word_1_380' title='bbox 1163 3266 1235 3301; x_wconf 84' lang='lat' dir='ltr'>seer·</span> 
     </span>
     <span class='ocr_line' id='line_1_39' title="bbox 147 3325 1237 3385; baseline -0.002 -8"><span class='ocrx_word' id='word_1_381' title='bbox 147 3329 216 3378; x_wconf 85' lang='lat' dir='ltr'>inter</span> <span class='ocrx_word' id='word_1_382' title='bbox 227 3329 323 3378; x_wconf 69' lang='lat' dir='ltr'>Peiros</span> <span class='ocrx_word' id='word_1_383' title='bbox 335 3329 429 3376; x_wconf 84' lang='lat' dir='ltr'>veteris</span> <span class='ocrx_word' id='word_1_384' title='bbox 441 3327 587 3376; x_wconf 73' lang='lat' dir='ltr'>(lemodiae.</span> <span class='ocrx_word' id='word_1_385' title='bbox 709 3325 786 3385; x_wconf 83' lang='lat' dir='ltr'>bitus,</span> <span class='ocrx_word' id='word_1_386' title='bbox 802 3334 830 3374; x_wconf 90' lang='lat' dir='ltr'>et</span> <span class='ocrx_word' id='word_1_387' title='bbox 842 3325 944 3373; x_wconf 69' lang='lat' dir='ltr'>abunde</span> <span class='ocrx_word' id='word_1_388' title='bbox 955 3325 1032 3375; x_wconf 73' lang='lat' dir='ltr'>salis!</span> <span class='ocrx_word' id='word_1_389' title='bbox 1051 3326 1158 3375; x_wconf 77' lang='lat' dir='ltr'>rorms.</span> <span class='ocrx_word' id='word_1_390' title='bbox 1188 3327 1237 3376; x_wconf 72' lang='lat' dir='ltr'>hs·</span> 
     </span>
     <span class='ocr_line' id='line_1_40' title="bbox 179 3398 1235 3464; baseline -0.002 -12"><span class='ocrx_word' id='word_1_391' title='bbox 179 3408 195 3451; x_wconf 67' lang='grc' dir='ltr'>ἱ</span> <span class='ocrx_word' id='word_1_392' title='bbox 207 3402 304 3464; x_wconf 71' lang='grc' dir='ltr'>Ρνίοω]</span> <span class='ocrx_word' id='word_1_393' title='bbox 313 3401 444 3451; x_wconf 77' lang='lat' dir='ltr'>Cunoedie</span> <span class='ocrx_word' id='word_1_394' title='bbox 454 3403 539 3464; x_wconf 80' lang='lat' dir='ltr'>prisce</span> <span class='ocrx_word' id='word_1_395' title='bbox 547 3407 603 3449; x_wconf 82' lang='lat' dir='ltr'>erut</span> <span class='ocrx_word' id='word_1_396' title='bbox 613 3413 673 3462; x_wconf 88' lang='lat' dir='ltr'>psu·</span> <span class='ocrx_word' id='word_1_397' title='bbox 709 3400 788 3461; x_wconf 78' lang='lat' dir='ltr'>cilius]</span> <span class='ocrx_word' id='word_1_398' title='bbox 806 3400 919 3448; x_wconf 66' lang='lat' dir='ltr'>uirilius</span> <span class='ocrx_word' id='word_1_399' title='bbox 938 3398 1022 3448; x_wconf 75' lang='lat' dir='ltr'>Polite</span> <span class='ocrx_word' id='word_1_400' title='bbox 1041 3400 1179 3457; x_wconf 76' lang='lat' dir='ltr'>idomenus,</span> <span class='ocrx_word' id='word_1_401' title='bbox 1190 3404 1235 3464; x_wconf 83' lang='lat' dir='ltr'>qui</span> 
     </span>
     <span class='ocr_line' id='line_1_41' title="bbox 147 3473 1234 3537; baseline 0.003 -15"><span class='ocrx_word' id='word_1_402' title='bbox 147 3477 175 3525; x_wconf 88' lang='lat' dir='ltr'>lo</span> <span class='ocrx_word' id='word_1_403' title='bbox 185 3474 392 3534; x_wconf 79' lang='lat' dir='ltr'>meledieentior,</span> <span class='ocrx_word' id='word_1_404' title='bbox 402 3489 477 3537; x_wconf 82' lang='lat' dir='ltr'>quern</span> <span class='ocrx_word' id='word_1_405' title='bbox 494 3481 524 3524; x_wconf 89' lang='lat' dir='ltr'>ut</span> <span class='ocrx_word' id='word_1_406' title='bbox 539 3488 613 3523; x_wconf 79' lang='lat' dir='ltr'>eures</span> <span class='ocrx_word' id='word_1_407' title='bbox 630 3474 674 3522; x_wconf 88' lang='lat' dir='ltr'>bo·</span> <span class='ocrx_word' id='word_1_408' title='bbox 710 3474 810 3522; x_wconf 86' lang='lat' dir='ltr'>illorum</span> <span class='ocrx_word' id='word_1_409' title='bbox 823 3475 933 3535; x_wconf 79' lang='lat' dir='ltr'>priscam</span> <span class='ocrx_word' id='word_1_410' title='bbox 942 3473 1110 3536; x_wconf 78' lang='lat' dir='ltr'>Cnmoedieur,</span> <span class='ocrx_word' id='word_1_411' title='bbox 1120 3475 1234 3525; x_wconf 64' lang='lat' dir='ltr'>latium</span> 
     </span>
     <span class='ocr_line' id='line_1_42' title="bbox 148 3545 912 3609; baseline -0.004 -12"><span class='ocrx_word' id='word_1_412' title='bbox 148 3548 450 3609; x_wconf 84' lang='lat' dir='ltr'>miuumierrspusseut.</span> <span class='ocrx_word' id='word_1_413' title='bbox 710 3545 912 3609; x_wconf 82' lang='lat' dir='ltr'>iecitSstyrsrn.</span> 
     </span>
    </p>
   </div>
   <div class='ocr_carea' id='block_1_5' title="bbox 180 3621 1325 3684">
    <p class='ocr_par' dir='ltr' id='par_1_9' title="bbox 180 3621 1325 3684">
     <span class='ocr_line' id='line_1_43' title="bbox 180 3621 1325 3684; baseline 0.001 -14"><span class='ocrx_word' id='word_1_414' title='bbox 180 3621 310 3681; x_wconf 72' lang='lat' dir='ltr'>sulgon</span> <span class='ocrx_word' id='word_1_415' title='bbox 325 3621 437 3684; x_wconf 73' lang='lat' dir='ltr'>describi]</span> <span class='ocrx_word' id='word_1_416' title='bbox 457 3622 548 3672; x_wconf 73' lang='lat' dir='ltr'>Qualis</span> <span class='ocrx_word' id='word_1_417' title='bbox 566 3621 673 3671; x_wconf 77' lang='lat' dir='ltr'>Athenis</span> <span class='ocrx_word' id='word_1_418' title='bbox 741 3621 885 3669; x_wconf 62' lang='lat' dir='ltr'>immotis</span> <span class='ocrx_word' id='word_1_419' title='bbox 905 3625 997 3670; x_wconf 69' lang='lat' dir='ltr'>turim</span> <span class='ocrx_word' id='word_1_420' title='bbox 1012 3621 1122 3684; x_wconf 75' lang='lat' dir='ltr'>pedibus]</span> <span class='ocrx_word' id='word_1_421' title='bbox 1148 3623 1234 3673; x_wconf 82' lang='lat' dir='ltr'>Qusre</span> <span class='ocrx_word' id='word_1_422' title='bbox 1321 3652 1325 3660; x_wconf 89' lang='lat'>·</span> 
     </span>
    </p>
   </div>
   <div class='ocr_carea' id='block_1_6' title="bbox 149 3695 1274 3980">
    <p class='ocr_par' dir='ltr' id='par_1_10' title="bbox 149 3695 1274 3980">
     <span class='ocr_line' id='line_1_44' title="bbox 150 3695 1234 3759; baseline 0.004 -16"><span class='ocrx_word' id='word_1_423' title='bbox 150 3696 230 3744; x_wconf 83' lang='lat' dir='ltr'>fuisse</span> <span class='ocrx_word' id='word_1_424' title='bbox 241 3702 450 3755; x_wconf 78' lang='lat' dir='ltr'>commemorent,</span> <span class='ocrx_word' id='word_1_425' title='bbox 461 3696 592 3758; x_wconf 82' lang='lat' dir='ltr'>Cleonem,</span> <span class='ocrx_word' id='word_1_426' title='bbox 600 3697 673 3744; x_wconf 79' lang='lat' dir='ltr'>Cleu-</span> <span class='ocrx_word' id='word_1_427' title='bbox 712 3696 776 3744; x_wconf 85' lang='lat' dir='ltr'>nibil</span> <span class='ocrx_word' id='word_1_428' title='bbox 787 3695 867 3754; x_wconf 82' lang='lat' dir='ltr'>uliud,</span> <span class='ocrx_word' id='word_1_429' title='bbox 878 3709 955 3758; x_wconf 76' lang='lat' dir='ltr'>quern</span> <span class='ocrx_word' id='word_1_430' title='bbox 965 3697 1146 3759; x_wconf 72' lang='lat' dir='ltr'>negligentium</span> <span class='ocrx_word' id='word_1_431' title='bbox 1159 3698 1234 3747; x_wconf 82' lang='lat' dir='ltr'>Luei-</span> 
     </span>
     <span class='ocr_line' id='line_1_45' title="bbox 150 3769 1236 3835; baseline 0.005 -17"><span class='ocrx_word' id='word_1_432' title='bbox 150 3770 283 3832; x_wconf 82' lang='lat' dir='ltr'>pbsutem,</span> <span class='ocrx_word' id='word_1_433' title='bbox 296 3769 481 3831; x_wconf 81' lang='lat' dir='ltr'>Hyperbolum,</span> <span class='ocrx_word' id='word_1_434' title='bbox 498 3771 612 3820; x_wconf 79' lang='lat' dir='ltr'>homiues</span> <span class='ocrx_word' id='word_1_435' title='bbox 629 3771 674 3819; x_wconf 86' lang='lat' dir='ltr'>im·</span> <span class='ocrx_word' id='word_1_436' title='bbox 710 3775 737 3822; x_wconf 92' lang='lat' dir='ltr'>lii</span> <span class='ocrx_word' id='word_1_437' title='bbox 748 3774 775 3822; x_wconf 89' lang='lat' dir='ltr'>ln</span> <span class='ocrx_word' id='word_1_438' title='bbox 787 3774 898 3822; x_wconf 87' lang='lat' dir='ltr'>numeris</span> <span class='ocrx_word' id='word_1_439' title='bbox 910 3780 937 3821; x_wconf 83' lang='lat' dir='ltr'>ei</span> <span class='ocrx_word' id='word_1_440' title='bbox 949 3772 1057 3835; x_wconf 87' lang='lat' dir='ltr'>pedibus</span> <span class='ocrx_word' id='word_1_441' title='bbox 1069 3781 1151 3824; x_wconf 77' lang='lat' dir='ltr'>notet.</span> <span class='ocrx_word' id='word_1_442' title='bbox 1182 3773 1236 3823; x_wconf 81' lang='lat' dir='ltr'>Sed</span> 
     </span>
     <span class='ocr_line' id='line_1_46' title="bbox 149 3842 1235 3913; baseline 0.004 -21"><span class='ocrx_word' id='word_1_443' title='bbox 149 3843 244 3908; x_wconf 87' lang='lat' dir='ltr'>probos</span> <span class='ocrx_word' id='word_1_444' title='bbox 264 3850 292 3891; x_wconf 86' lang='lat' dir='ltr'>et</span> <span class='ocrx_word' id='word_1_445' title='bbox 316 3842 460 3891; x_wconf 87' lang='lat' dir='ltr'>seditiosos.</span> <span class='ocrx_word' id='word_1_446' title='bbox 492 3843 529 3893; x_wconf 77' lang='lat' dir='ltr'>As</span> <span class='ocrx_word' id='word_1_447' title='bbox 551 3858 612 3893; x_wconf 84' lang='lat' dir='ltr'>vero</span> <span class='ocrx_word' id='word_1_448' title='bbox 636 3845 674 3895; x_wconf 80' lang='lat' dir='ltr'>llll</span> <span class='ocrx_word' id='word_1_449' title='bbox 710 3848 919 3913; x_wconf 82' lang='lat' dir='ltr'>quemsduroduus</span> <span class='ocrx_word' id='word_1_450' title='bbox 941 3848 1053 3896; x_wconf 76' lang='lat' dir='ltr'>maxine</span> <span class='ocrx_word' id='word_1_451' title='bbox 1074 3862 1132 3909; x_wconf 90' lang='lat' dir='ltr'>psrs</span> <span class='ocrx_word' id='word_1_452' title='bbox 1156 3849 1235 3896; x_wconf 83' lang='lat' dir='ltr'>elisur</span> 
     </span>
     <span class='ocr_line' id='line_1_47' title="bbox 149 3916 1274 3980; baseline 0.005 -14"><span class='ocrx_word' id='word_1_453' title='bbox 149 3917 247 3966; x_wconf 79' lang='lat' dir='ltr'>Comici</span> <span class='ocrx_word' id='word_1_454' title='bbox 267 3916 394 3964; x_wconf 79' lang='lat' dir='ltr'>Periclem</span> <span class='ocrx_word' id='word_1_455' title='bbox 408 3930 519 3980; x_wconf 80' lang='lat' dir='ltr'>quoque,</span> <span class='ocrx_word' id='word_1_456' title='bbox 536 3927 563 3965; x_wconf 84' lang='lat' dir='ltr'>es</span> <span class='ocrx_word' id='word_1_457' title='bbox 582 3919 675 3967; x_wconf 70' lang='grc' dir='ltr'>ὅπη·</span> <span class='ocrx_word' id='word_1_458' title='bbox 711 3922 806 3971; x_wconf 79' lang='lat' dir='ltr'>veteris</span> <span class='ocrx_word' id='word_1_459' title='bbox 824 3922 963 3972; x_wconf 76' lang='lat' dir='ltr'>Comoedioe</span> <span class='ocrx_word' id='word_1_460' title='bbox 976 3921 1070 3970; x_wconf 82' lang='lat' dir='ltr'>lembis</span> <span class='ocrx_word' id='word_1_461' title='bbox 1089 3924 1236 3980; x_wconf 69' lang='lat' dir='ltr'>contabui,</span> <span class='ocrx_word' id='word_1_462' title='bbox 1269 3948 1274 3957; x_wconf 95' lang='lat'>·</span> 
     </span>
    </p>
   </div>
   <div class='ocr_carea' id='block_1_7' title="bbox 67 3990 1236 4056">
    <p class='ocr_par' dir='ltr' id='par_1_11' title="bbox 67 3990 1236 4056">
     <span class='ocr_line' id='line_1_48' title="bbox 67 3990 1236 4056; baseline 0.003 -15"><span class='ocrx_word' id='word_1_463' title='bbox 67 3990 72 3995; x_wconf 83' lang='grc'><em>“</em></span> <span class='ocrx_word' id='word_1_464' title='bbox 149 3993 339 4055; x_wconf 66' lang='grc' dir='ltr'>ῑαω,ἰ1ἱοεςυο</span> <span class='ocrx_word' id='word_1_465' title='bbox 357 4004 466 4039; x_wconf 86' lang='lat' dir='ltr'>summos</span> <span class='ocrx_word' id='word_1_466' title='bbox 482 3992 507 4039; x_wconf 80' lang='lat' dir='ltr'>is</span> <span class='ocrx_word' id='word_1_467' title='bbox 524 3991 674 4055; x_wconf 82' lang='lat' dir='ltr'>Rspub.ri·</span> <span class='ocrx_word' id='word_1_468' title='bbox 711 3994 852 4056; x_wconf 84' lang='lat' dir='ltr'>inquibus</span> <span class='ocrx_word' id='word_1_469' title='bbox 876 4007 977 4056; x_wconf 86' lang='lat' dir='ltr'>semper</span> <span class='ocrx_word' id='word_1_470' title='bbox 996 4000 1117 4044; x_wconf 84' lang='lat' dir='ltr'>secursle</span> <span class='ocrx_word' id='word_1_471' title='bbox 1137 3996 1203 4044; x_wconf 74' lang='lat' dir='ltr'>ratio</span> <span class='ocrx_word' id='word_1_472' title='bbox 1219 4010 1236 4045; x_wconf 75' lang='lat' dir='ltr'>u</span> 
     </span>
    </p>
   </div>
   <div class='ocr_carea' id='block_1_8' title="bbox 150 4063 1235 4280">
    <p class='ocr_par' dir='ltr' id='par_1_12' title="bbox 150 4063 1235 4280">
     <span class='ocr_line' id='line_1_49' title="bbox 150 4063 1235 4129; baseline 0.006 -17"><span class='ocrx_word' id='word_1_473' title='bbox 150 4080 191 4114; x_wconf 86' lang='lat' dir='ltr'>ros</span> <span class='ocrx_word' id='word_1_474' title='bbox 208 4066 260 4114; x_wconf 84' lang='lat' dir='ltr'>suis</span> <span class='ocrx_word' id='word_1_475' title='bbox 277 4063 395 4114; x_wconf 82' lang='lat' dir='ltr'>versibus</span> <span class='ocrx_word' id='word_1_476' title='bbox 412 4064 546 4113; x_wconf 84' lang='lat' dir='ltr'>riolsruut.</span> <span class='ocrx_word' id='word_1_477' title='bbox 579 4066 674 4114; x_wconf 83' lang='lat' dir='ltr'>blelius</span> <span class='ocrx_word' id='word_1_478' title='bbox 710 4067 810 4116; x_wconf 67' lang='lat' dir='ltr'>Granis</span> <span class='ocrx_word' id='word_1_479' title='bbox 832 4067 920 4117; x_wconf 86' lang='lat' dir='ltr'>bsbits</span> <span class='ocrx_word' id='word_1_480' title='bbox 942 4065 992 4114; x_wconf 81' lang='lat' dir='ltr'>fuit</span> <span class='ocrx_word' id='word_1_481' title='bbox 1013 4080 1185 4129; x_wconf 72' lang='lat' dir='ltr'>numerorum,</span> <span class='ocrx_word' id='word_1_482' title='bbox 1207 4075 1235 4118; x_wconf 85' lang='lat' dir='ltr'>et</span> 
     </span>
     <span class='ocr_line' id='line_1_50' title="bbox 151 4138 1234 4205; baseline 0.007 -21"><span class='ocrx_word' id='word_1_483' title='bbox 151 4140 236 4202; x_wconf 73' lang='lat' dir='ltr'>itsque</span> <span class='ocrx_word' id='word_1_484' title='bbox 252 4139 372 4201; x_wconf 76' lang='lat' dir='ltr'>Romani,</span> <span class='ocrx_word' id='word_1_485' title='bbox 385 4140 427 4201; x_wconf 91' lang='lat' dir='ltr'>qui</span> <span class='ocrx_word' id='word_1_486' title='bbox 439 4138 544 4186; x_wconf 86' lang='lat' dir='ltr'>notsndi</span> <span class='ocrx_word' id='word_1_487' title='bbox 556 4139 674 4187; x_wconf 84' lang='lat' dir='ltr'>rideren-</span> <span class='ocrx_word' id='word_1_488' title='bbox 711 4140 815 4204; x_wconf 85' lang='lat' dir='ltr'>quidem</span> <span class='ocrx_word' id='word_1_489' title='bbox 826 4142 900 4205; x_wconf 76' lang='lat' dir='ltr'>louge</span> <span class='ocrx_word' id='word_1_490' title='bbox 912 4155 986 4205; x_wconf 73' lang='lat' dir='ltr'>qurum</span> <span class='ocrx_word' id='word_1_491' title='bbox 996 4141 1022 4188; x_wconf 89' lang='lat' dir='ltr'>in</span> <span class='ocrx_word' id='word_1_492' title='bbox 1032 4141 1175 4202; x_wconf 83' lang='lat' dir='ltr'>Dsetylieis</span> <span class='ocrx_word' id='word_1_493' title='bbox 1184 4157 1234 4192; x_wconf 84' lang='lat' dir='ltr'>urs·</span> 
     </span>
     <span class='ocr_line' id='line_1_51' title="bbox 153 4213 1234 4280; baseline 0.008 -21"><span class='ocrx_word' id='word_1_494' title='bbox 153 4219 195 4259; x_wconf 88' lang='lat' dir='ltr'>tur</span> <span class='ocrx_word' id='word_1_495' title='bbox 206 4214 386 4266; x_wconf 81' lang='lat' dir='ltr'>scsusoribus</span> <span class='ocrx_word' id='word_1_496' title='bbox 403 4214 486 4265; x_wconf 81' lang='lat' dir='ltr'>ueteri</span> <span class='ocrx_word' id='word_1_497' title='bbox 503 4214 614 4270; x_wconf 81' lang='lat' dir='ltr'>voluere,</span> <span class='ocrx_word' id='word_1_498' title='bbox 625 4228 674 4264; x_wconf 86' lang='lat' dir='ltr'>nee</span> <span class='ocrx_word' id='word_1_499' title='bbox 712 4216 762 4277; x_wconf 72' lang='lat' dir='ltr'>gis,</span> <span class='ocrx_word' id='word_1_500' title='bbox 783 4216 809 4264; x_wconf 88' lang='lat' dir='ltr'>iu</span> <span class='ocrx_word' id='word_1_501' title='bbox 832 4217 922 4280; x_wconf 81' lang='lat' dir='ltr'>quibus</span> <span class='ocrx_word' id='word_1_502' title='bbox 943 4213 1139 4278; x_wconf 76' lang='lat' dir='ltr'>negligentiores</span> <span class='ocrx_word' id='word_1_503' title='bbox 1157 4216 1234 4268; x_wconf 84' lang='lat' dir='ltr'>fuisse</span> 
     </span>
    </p>
   </div>
   <div class='ocr_carea' id='block_1_9' title="bbox 0 0 1521 5062">
    <p class='ocr_par' dir='ltr' id='par_1_13' title="bbox 0 0 1521 5062">
     <span class='ocr_line' id='line_1_52' title="bbox 0 0 1521 5062; baseline 0 0"><span class='ocrx_word' id='word_1_504' title='bbox 0 0 1521 5062; x_wconf 95' lang='lat' dir='ltr'> </span> 
     </span>
    </p>
   </div>
  </div>
 </body>
</html>
