3022 5062
233 446 320 514 1824
584 460 691 510 riona
715 459 916 511 vaaroausr
941 460 981 510 ru

233 604 317 653 dietas
338 599 460 663 tradunt;
487 599 557 666 quod
584 600 760 665 Imperatores
796 599 1127 663 dneibanobletapboraur
1139 595 1324 651 arbitrnrrsed

231 678 348 740 captivos
360 677 473 726 rendere
484 691 514 726 ac
527 691 575 739 per
589 677 637 726 boo
649 691 762 740 servus,
797 675 894 726 aelroo
906 676 946 726 ael
958 674 1043 725 stadio
1054 674 1156 736 potius3
1171 687 1229 722 nam
1238 687 1326 738 qnem-

231 766 279 800 nee
295 751 416 800 occidere
433 752 527 800 solent.
546 753 656 802 Torreat.
691 752 762 801 Oari-
797 750 935 801 admodum
947 751 1034 802 Graeci
1050 750 1167 811 mimir.
1185 749 1222 798 sie
1241 749 1326 799 Latini

230 827 285 874 dere
295 827 355 888 noli]
377 827 428 875 Sed
443 826 537 879 rende.
798 842 901 892 quoque
912 829 998 877 baean
1008 833 1110 885 vocant,
1122 833 1174 874 tam
1187 824 1229 873 nbi
1238 840 1327 877 curant

262 906 294 950 70
312 903 372 951 Siue
381 907 462 964 paseat
474 906 556 965 duas,
565 901 673 964 aretque]
699 902 761 952 Sine
798 901 900 963 luoiplt‚
909 918 984 965 quam
995 901 1038 951 ubi
1050 901 1159 949 desinit:
1171 900 1239 964 qiiod
1248 901 1328 951 dueta

230 986 260 1025 ut
272 985 362 1039 paseat
375 991 489 1041 gregem,
505 978 593 1033 durus.
612 975 639 1024 id
657 984 706 1036 eat,
722 975 761 1023 la·
796 975 865 1024 linea
875 977 1069 1038 designabatur.
1095 977 1228 1040 Frequens
1239 985 1326 1027 autem

230 1050 300 1099 boris
313 1050 458 1114 perferens.
796 1050 932 1100 admodum
961 1052 1022 1100 vitas
1051 1053 1167 1100 bumana
1195 1066 1226 1100 ae
1250 1052 1328 1100 stadii

263 1132 296 1177 ta
312 1126 513 1189 ΛΜΝ]
534 1122 760 1175 Auuouarut'aniat
795 1125 955 1185 comparatio
973 1132 1024 1174 est.
1045 1127 1152 1174 Torreat.
1192 1127 1269 1176 Linea
1289 1141 1327 1177 ra·

146 1248 154 1264 ,
230 1202 355 1262 viliorem,
365 1200 491 1249 frumenta
504 1199 606 1247 aliunde
618 1201 756 1261 importari·
793 1212 846 1246 ms
861 1198 909 1261 eat]
936 1200 1007 1248 Finis
1020 1213 1067 1247 seu
1081 1207 1235 1252 extremum.
1268 1203 1328 1252 Mea

229 1276 273 1324 do.
291 1271 757 1334 PmrqaeJHocpem,-ore‚rtgnt·
795 1272 902 1333 tapbora
922 1272 1003 1322 dueta
1020 1274 1061 1321 vel
1079 1287 1095 1320 u
1114 1271 1263 1325 Geometris
1284 1277 1326 1326 rel

228 1345 757 1408 beatamneeseuleutumetpntnlentnnr‚
794 1345 951 1396 Pictoribus.

229 1421 562 1486 quoreseautnrbomines.
794 1420 964 1470 Ertsmru.
992 1420 1176 1471 nosram.
1206 1423 1323 1472 semaam

260 1501 292 1546 ts
308 1493 579 1558 Virborasetsapieas]
594 1495 756 1545 Deteetala·
824 1504 922 1558 monet,
943 1511 975 1546 ne
999 1499 1172 1559 potentiorum
1194 1499 1323 1549 amicitias

227 1570 308 1621 tentis
320 1569 454 1634 injustitia
465 1568 567 1632 fraude,
583 1570 686 1620 tandem
699 1571 757 1634 qula
824 1579 944 1632 spernat,⁸
959 1579 1038 1635 atque
1056 1578 1086 1621 nt
1103 1573 1129 1620 iu
1148 1587 1194 1622 ruo
1205 1573 1265 1621 ritae
1279 1587 1324 1636 ge·

229 1660 291 1695 vera
299 1646 386 1708 justus
398 1653 426 1694 et
434 1653 566 1709 constans,
581 1646 702 1710 idemque
712 1647 758 1695 bo·
825 1659 887 1694 nere
900 1647 1061 1710 Aristippum
1073 1648 1244 1711 potiusquam
1259 1649 1323 1698 Dio·

229 1735 277 1769 uua
287 1734 318 1769 an
329 1719 432 1783 sapiens
443 1719 567 1769 dicendus
577 1721 675 1775 sitnon
685 1727 759 1775 certa
828 1734 921 1782 genem
944 1722 1071 1771 imitetur.
1112 1723 1153 1771 Ad
1180 1723 1324 1786 principum

229 1793 389 1857 delinitione,
407 1796 453 1844 sed
466 1795 548 1858 (quod
559 1793 693 1844 efficacius
704 1793 759 1857 est)
829 1794 958 1843 amicitias
970 1795 1117 1858 pervenire,
1135 1805 1164 1845 et
1175 1797 1276 1845 illorum
1288 1797 1326 1846 la.

229 1871 350 1932 exemplo
369 1870 492 1919 ostendit.
511 1871 618 1920 Teneat.
659 1870 705 1919 Vir
721 1870 760 1919 be·
829 1881 917 1917 vorem
937 1883 969 1918 ao
984 1869 1166 1919 liberalitatem
1179 1886 1327 1922 emerenon

229 1943 287 2006 aas]
312 1945 358 1993 Vir
369 1958 459 1993 reuera
471 1946 553 1994 bouus
564 1952 591 1994 et
603 1945 705 2007 sapiens
716 1960 760 1993 au·
829 1943 945 2005 quusris
963 1959 1037 1993 esse:
1055 1951 1083 1994 et
1102 1953 1200 2010 quauta
1218 1947 1252 1996 sit
1271 1953 1326 1996 arte

228 2019 303 2066 debit
323 2033 380 2067 eum
399 2020 503 2068 Baccho
523 2021 560 2067 sio
580 2020 676 2083 alloqui
691 2019 758 2068 Pen·
830 2033 895 2081 opus
905 2020 953 2069 bac
964 2020 989 2068 ln
1002 2035 1041 2077 re,
1052 2021 1139 2070 docet.
1315 2055 1318 2063 .

228 2092 297 2141 tbea.
339 2093 460 2154 Peatbee]
488 2092 513 2141 0
534 2092 651 2141 Pentbeu
672 2099 760 2143 rector
828 2094 912 2143 Scaea
933 2109 1074 2156 cognom
1100 2096 1236 2145 Juniorum
1261 2094 1325 2158 fuit,

227 2163 384 2219 Thebarum,
396 2164 458 2228 quid
470 2179 510 2212 me
521 2165 576 2227 pati
587 2167 685 2228 coges?
797 2174 863 2217 terte
878 2169 958 2229 Livio,
969 2169 1037 2217 sicut
1047 2177 1074 2217 et
1086 2169 1241 2231 Cassiorum,
1253 2171 1324 2221 inter

259 2246 291 2291 rt
310 2240 439 2301 lmigaasr
449 2239 529 2302 coges]
554 2241 661 2290 Mallem
677 2257 760 2304 coget,
796 2256 859 2307 quos
871 2243 974 2292 Cassius
986 2243 1140 2304 illesum,
1155 2245 1264 2293 Caesaris
1276 2246 1324 2294 mi·

228 2322 259 2365 ut
277 2316 303 2363 in
322 2314 404 2364 tribus
424 2316 624 2378 exemplaribus.
649 2317 759 2368 lbrrest.
795 2319 831 2367 lea
842 2318 953 2366 omnium
964 2315 1135 2377 fortissimus3
1152 2316 1246 2382 dequo
1257 2319 1322 2370 Plur

227 2392 339 2443 Adimam
350 2391 419 2453 bora]
448 2391 560 2441 Penthei
572 2400 610 2442 ert
621 2395 760 2442 cominius·
795 2392 910 2453 tardius,
936 2393 1083 2446 Suetonius.
1104 2399 1132 2442 et
1155 2392 1208 2441 alii.
1252 2393 1323 2442 llius

228 2469 275 2517 tio.
308 2467 399 2529 Nempe
418 2481 497 2528 μου,
515 2467 578 2529 rem]
607 2468 759 2529 Respondet
795 2481 872 2530 porro
892 2467 1070 2529 truopmmlr
1087 2468 1203 2517 Scaevola
1222 2468 1324 2518 Mucio·

229 2544 332 2607 sapiens
342 2544 391 2592 boc
403 2543 478 2591 modo
488 2560 494 2592 :
510 2542 544 2591 At
557 2551 616 2592 stunt
627 2543 695 2592 bonu
706 2543 758 2593 for·
795 2555 859 2596 rum.
870 2542 909 2591 uti
921 2550 948 2592 et
958 2544 1074 2592 Scaevius
1084 2543 1238 2592 Flauiorum.
1256 2545 1323 2605 Cog-

231 2627 300 2668 tunae
329 2635 386 2683 qum
414 2619 476 2667 milri
504 2619 616 2668 adimere
643 2620 757 2682 minaris,
795 2617 903 2666 nominis
921 2625 1006 2666 autem
1023 2617 1098 2680 liujus
1116 2621 1187 2679 origo
1205 2620 1322 2667 incerta:

231 2710 325 2758 nempe
337 2710 426 2757 pecus,
437 2698 486 2744 stc.
751 2739 756 2748 ,
795 2691 973 2741 rrmuuraeci
991 2693 1236 2742 sinistrumrocaut:
1255 2694 1324 2743 unde

261 2776 294 2819 76
313 2773 342 2818 Ia
363 2772 473 2833 manicis]
504 2771 534 2818 ln
558 2771 629 2820 duris
651 2770 757 2820 vinculis
795 2769 894 2817 Latinis
911 2784 986 2817 mon
1005 2783 1053 2830 pro
1073 2770 1195 2829 sinistra;
1212 2784 1260 2833 qua
1281 2771 1325 2832 qui

228 2844 324 2908 (inquit
337 2844 482 2905 Pentheus)
493 2854 519 2893 te
532 2848 635 2895 tenebo.
796 2844 878 2905 magis
897 2858 972 2908 quam
988 2844 1081 2892 dextra
1093 2857 1168 2892 mauu
1181 2853 1325 2899 uterentur.

261 2921 293 2963 78
311 2917 365 2975 Ipse
376 2917 454 2974 Deua]
479 2919 560 2965 Pater
572 2935 642 2967 meus
654 2920 758 2980 Jupiter
795 2919 890 2979 quibus
902 2918 956 2966 dixi
965 2918 1109 2966 nominibus
1117 2920 1259 2980 appellatos
1272 2920 1325 2981 ple·

227 2989 322 3050 (iuquit
336 2987 466 3049 Bacchus)
486 2991 574 3036 rtatim
586 2992 630 3037 ubi
643 2994 758 3051 voluero,
796 2995 869 3056 rique
881 2995 975 3043 volunt.
998 2994 1049 3041 Alii
1059 2997 1220 3055 μεταφορικοῖς
1229 2994 1261 3041 ad
1271 3009 1325 3042 mo·

228 3077 269 3111 me
282 3061 404 3109 liberabit
413 3075 429 3109 a
439 3063 555 3121 vinculis,
565 3071 644 3126 atque
654 3067 757 3113 immor·
795 3083 837 3117 res
850 3077 876 3117 et
887 3069 1013 3127 ingenium
1026 3066 1158 3125 referunt3
1176 3070 1215 3115 sic
1228 3076 1255 3115 et
1265 3069 1322 3117 Lae·

228 3138 305 3185 talem
320 3134 407 3182 faciet.
441 3134 589 3199 Simulatque
607 3139 757 3200 uotum]1ta
796 3141 1154 3202 riuoscoguominatosvideri
1163 3141 1320 3203 scripsimus,

228 3212 329 3259 omniuo
347 3210 493 3271 legendum,
514 3213 563 3259 non
578 3215 648 3274 uolet,
662 3224 690 3262 ut
702 3216 757 3278 qui·
794 3229 813 3264 1.
829 3217 885 3264 Sat.
896 3219 920 3262 6.
939 3215 1045 3264 Torreat.

227 3287 287 3335 daur
307 3285 425 3333 arbitrati
444 3293 510 3334 siunt.
542 3288 677 3338 Sententia
690 3292 756 3338 euim
826 3294 838 3338 l
854 3291 901 3338 Per
912 3295 935 3338 te
947 3290 991 3337 tibi
1002 3290 1115 3352 comitis]
1132 3291 1321 3343 naumurum

227 3369 276 3418 est,
285 3361 377 3423 ipsum,
387 3360 434 3408 sibi
446 3370 552 3411 mortem
563 3365 756 3426 consciscendo,
793 3365 897 3414 alterius
910 3366 1016 3413 consilio
1029 3366 1077 3414 riui
1090 3367 1184 3430 sapias.

228 3439 320 3486 aDeo
342 3437 477 3486 liberatum
499 3440 538 3487 iri.
577 3443 674 3492 Notum
693 3441 755 3490 illud
824 3441 1043 3504 bMujoribasati]
1062 3443 1322 3505 Cummajoribuaui·

227 3512 316 3571 Plinii,
333 3513 378 3560 sed
388 3514 497 3576 petitum
511 3515 641 3577 aStoicis‚
654 3529 755 3565 xxviii.
794 3532 854 3566 vere
865 3526 892 3565 et
905 3518 1010 3567 uersari.

227 3593 251 3637 2.
267 3588 383 3636 omuibus
395 3590 478 3652 bouis,
489 3606 545 3654 quae
558 3593 652 3641 bomini
666 3593 756 3640 tribuit
825 3592 990 3653 admiratu]
1024 3593 1080 3654 Ego
1108 3592 1239 3646 Horatius,
1262 3598 1319 3639 tuus

228 3675 329 3727 natura,
351 3667 446 3714 nullum
467 3668 557 3716 melius
576 3677 753 3726 essetempea-
794 3670 900 3718 auricus.
937 3669 1010 3717 Utri
1032 3667 1125 3729 Caeam]
1148 3667 1254 3716 Etiamsi
1270 3681 1321 3715 eae·

228 3742 282 3788 tiva
302 3749 394 3789 morte.
413 3742 520 3789 Torreat.
565 3739 663 3801 Opiuor]
683 3740 754 3786 Exis·
793 3749 911 3804 eumden.

228 3815 300 3876 timo,
312 3818 396 3880 inquit
407 3818 499 3876 Poeta,
509 3817 589 3864 virum
601 3816 692 3862 bouum
707 3814 754 3864 ltoc
825 3823 840 3867 t
860 3820 943 3866 Coecar
958 3818 1017 3880 iter]
1046 3817 1170 3866 Refertur
1181 3820 1206 3866 in
1219 3832 1324 3879 prover·

227 3891 331 3948 sentire,
343 3902 370 3939 ut
382 3893 456 3940 citius
468 3892 599 3948 moriatur,
615 3904 688 3952 quiam
702 3897 752 3938 tur·
792 3893 857 3942 biis:
877 3891 944 3946 tttrre
960 3891 1053 3950 τυφλὸν
1069 3892 1166 3951 ὁδηγὸν,
1181 3892 1241 3949 μήτε
1252 3892 1322 3947 ἀνόη-

227 3962 296 4022 piter
317 3966 424 4013 serviat.
459 3966 526 4013 Nam
547 3977 615 4012 mors
633 3962 754 4013 linisorn·
792 3984 834 4015 τον
850 3966 994 4026 σύμβουλον,
1013 3966 1095 4026 Neque
1111 3980 1196 4012 circem
1212 3965 1257 4010 eiae
1277 3964 1322 4010 da·

227 4035 295 4082 nium
308 4037 439 4084 malorum.
791 4058 849 4103 cerri,
858 4056 929 4103 seque
939 4046 1055 4088 uiuentem
1065 4041 1229 4093 annumero,-
1239 4052 1321 4099 qnare

259 4112 291 4156 ts
311 4107 401 4155 vuum
413 4109 487 4171 tinea]
514 4112 608 4159 Rerum
621 4113 688 4161 euim
702 4129 754 4164 om·
792 4119 832 4166 vel
853 4117 983 4165 modestiae
1002 4129 1093 4162 caussa
1110 4115 1158 4160 boc
1179 4114 1216 4161 ait
1234 4114 1322 4165 Hora·

228 4184 295 4233 ulum
317 4192 459 4232 extremum
481 4199 564 4234 mors:
583 4201 666 4252 neque
679 4190 718 4238 rel
739 4206 755 4239 u
792 4193 851 4251 tius,
875 4191 913 4238 vel
935 4188 1125 4236 dissimulanter
1147 4188 1242 4248 potius,
1266 4190 1321 4251 ejus

228 4268 415 4324 geometrarum
436 4262 476 4311 uel
497 4278 512 4311 a
532 4264 660 4327 pictorum
681 4267 754 4317 lineis
791 4266 837 4330 rei,
855 4279 932 4330 quant
950 4263 991 4316 bio
1008 4269 1115 4325 tractat,
1126 4264 1241 4314 oninium
1253 4265 1321 4327 peri·
