<?xml version="1.0" encoding="UTF-8"?>
<!DOCTYPE html PUBLIC "-//W3C//DTD XHTML 1.0 Transitional//EN"
    "http://www.w3.org/TR/xhtml1/DTD/xhtml1-transitional.dtd">
<html xmlns="http://www.w3.org/1999/xhtml" xml:lang="en" lang="en">
 <head>
  <title>
</title>
<meta http-equiv="Content-Type" content="text/html;charset=utf-8" />
  <meta name='ocr-system' content='tesseract 3.04.00' />
  <meta name='ocr-capabilities' content='ocr_page ocr_carea ocr_par ocr_line ocrx_word'/>
</head>
<body>
  <div class='ocr_page' id='page_1' title='image "./quintihoratiifl01zeungoog/quintihoratiifl01zeungoog_0033.png"; bbox 0 0 3030 5048; ppageno 0'>
   <div class='ocr_carea' id='block_1_1' title="bbox 122 427 1037 517">
    <p class='ocr_par' dir='ltr' id='par_1_1' title="bbox 122 427 1037 517">
     <span class='ocr_line' id='line_1_1' title="bbox 122 427 1037 517; baseline -0.009 -21"><span class='ocrx_word' id='word_1_1' title='bbox 122 451 123 454; x_wconf 44' lang='lat'>¹</span> <span class='ocrx_word' id='word_1_2' title='bbox 208 429 294 497; x_wconf 72' lang='lat'><strong>1356</strong></span> <span class='ocrx_word' id='word_1_3' title='bbox 455 427 472 484; x_wconf 89' lang='lat'><strong>.&#39;</strong></span> <span class='ocrx_word' id='word_1_4' title='bbox 523 439 947 517; x_wconf 72' lang='lat' dir='ltr'><strong>nonuunronuutu</strong></span> <span class='ocrx_word' id='word_1_5' title='bbox 1032 447 1037 488; x_wconf 76' lang='grc' dir='ltr'><strong>τ</strong></span> 
     </span>
    </p>
   </div>
   <div class='ocr_carea' id='block_1_2' title="bbox 203 580 1364 4325">
    <p class='ocr_par' dir='ltr' id='par_1_2' title="bbox 207 580 1295 1020">
     <span class='ocr_line' id='line_1_2' title="bbox 243 580 1293 646; baseline -0.004 -14"><span class='ocrx_word' id='word_1_6' title='bbox 243 588 274 632; x_wconf 79' lang='grc'><strong>19</strong></span> <span class='ocrx_word' id='word_1_7' title='bbox 283 584 332 634; x_wconf 76' lang='lat' dir='ltr'><strong>Sal</strong></span> <span class='ocrx_word' id='word_1_8' title='bbox 343 583 445 646; x_wconf 78' lang='lat' dir='ltr'><strong>nortem]</strong></span> <span class='ocrx_word' id='word_1_9' title='bbox 462 581 545 632; x_wconf 85' lang='lat' dir='ltr'><strong>Paulo</strong></span> <span class='ocrx_word' id='word_1_10' title='bbox 553 588 615 632; x_wconf 86' lang='lat' dir='ltr'><strong>ante</strong></span> <span class='ocrx_word' id='word_1_11' title='bbox 623 589 733 633; x_wconf 65' lang='lat' dir='ltr'><strong>nectens</strong></span> <span class='ocrx_word' id='word_1_12' title='bbox 767 596 798 631; x_wconf 85' lang='lat' dir='ltr'><strong>ac</strong></span> <span class='ocrx_word' id='word_1_13' title='bbox 810 582 985 646; x_wconf 72' lang='lat' dir='ltr'><strong>gymnasticae,</strong></span> <span class='ocrx_word' id='word_1_14' title='bbox 992 582 1014 631; x_wconf 90' lang='lat' dir='ltr'><strong>si</strong></span> <span class='ocrx_word' id='word_1_15' title='bbox 1024 580 1099 631; x_wconf 89' lang='lat' dir='ltr'><strong>modo</strong></span> <span class='ocrx_word' id='word_1_16' title='bbox 1110 585 1181 629; x_wconf 87' lang='lat' dir='ltr'><strong>recte</strong></span> <span class='ocrx_word' id='word_1_17' title='bbox 1187 594 1293 630; x_wconf 82' lang='lat' dir='ltr'><strong>excree-</strong></span> 
     </span>
     <span class='ocr_line' id='line_1_3' title="bbox 209 654 1294 722; baseline -0.006 -14"><span class='ocrx_word' id='word_1_18' title='bbox 209 659 320 720; x_wconf 76' lang='lat' dir='ltr'><strong>Susurri]</strong></span> <span class='ocrx_word' id='word_1_19' title='bbox 338 658 471 722; x_wconf 81' lang='lat' dir='ltr'><strong>colloquia</strong></span> <span class='ocrx_word' id='word_1_20' title='bbox 483 673 539 722; x_wconf 82' lang='lat' dir='ltr'><strong>ques</strong></span> <span class='ocrx_word' id='word_1_21' title='bbox 551 659 593 708; x_wconf 89' lang='lat' dir='ltr'><strong>edi</strong></span> <span class='ocrx_word' id='word_1_22' title='bbox 604 659 688 708; x_wconf 88' lang='lat' dir='ltr'><strong>solent</strong></span> <span class='ocrx_word' id='word_1_23' title='bbox 699 659 733 708; x_wconf 86' lang='lat' dir='ltr'><strong>ab</strong></span> <span class='ocrx_word' id='word_1_24' title='bbox 769 666 855 718; x_wconf 85' lang='lat' dir='ltr'><strong>antur,</strong></span> <span class='ocrx_word' id='word_1_25' title='bbox 875 657 954 706; x_wconf 87' lang='lat' dir='ltr'><strong>totius</strong></span> <span class='ocrx_word' id='word_1_26' title='bbox 975 656 1083 718; x_wconf 83' lang='lat' dir='ltr'><strong>Reipub.</strong></span> <span class='ocrx_word' id='word_1_27' title='bbox 1101 656 1210 705; x_wconf 79' lang='lat' dir='ltr'><strong>salutem</strong></span> <span class='ocrx_word' id='word_1_28' title='bbox 1221 654 1294 702; x_wconf 82' lang='lat' dir='ltr'><strong>artri·</strong></span> 
     </span>
     <span class='ocr_line' id='line_1_4' title="bbox 208 728 1294 793; baseline -0.005 -11"><span class='ocrx_word' id='word_1_29' title='bbox 208 733 671 793; x_wconf 76' lang='lat' dir='ltr'><strong>amantibusvoceleni,etsubmissa.</strong></span> <span class='ocrx_word' id='word_1_30' title='bbox 687 733 732 782; x_wconf 80' lang='lat' dir='ltr'><strong>Su·</strong></span> <span class='ocrx_word' id='word_1_31' title='bbox 769 732 835 782; x_wconf 85' lang='lat' dir='ltr'><strong>buit.</strong></span> <span class='ocrx_word' id='word_1_32' title='bbox 861 733 920 783; x_wconf 84' lang='lat' dir='ltr'><strong>Jaru</strong></span> <span class='ocrx_word' id='word_1_33' title='bbox 933 731 1078 780; x_wconf 85' lang='lat' dir='ltr'><strong>Mercurius</strong></span> <span class='ocrx_word' id='word_1_34' title='bbox 1088 730 1176 778; x_wconf 80' lang='lat' dir='ltr'><strong>harem</strong></span> <span class='ocrx_word' id='word_1_35' title='bbox 1185 728 1294 778; x_wconf 79' lang='lat' dir='ltr'><strong>duarum</strong></span> 
     </span>
     <span class='ocr_line' id='line_1_5' title="bbox 207 804 1295 872; baseline -0.005 -15"><span class='ocrx_word' id='word_1_36' title='bbox 207 807 283 870; x_wconf 72' lang='lat' dir='ltr'><strong>sutri]</strong></span> <span class='ocrx_word' id='word_1_37' title='bbox 308 807 383 859; x_wconf 83' lang='lat' dir='ltr'><strong>Quod</strong></span> <span class='ocrx_word' id='word_1_38' title='bbox 395 807 511 866; x_wconf 65' lang='grc' dir='ltr'><strong>ἀλλήλοις</strong></span> <span class='ocrx_word' id='word_1_39' title='bbox 521 807 643 872; x_wconf 65' lang='grc' dir='ltr'><strong>ψιθυρὶζω</strong></span> <span class='ocrx_word' id='word_1_40' title='bbox 654 811 733 870; x_wconf 86' lang='lat' dir='ltr'><strong>aptis·</strong></span> <span class='ocrx_word' id='word_1_41' title='bbox 770 808 862 856; x_wconf 79' lang='lat' dir='ltr'><strong>artium</strong></span> <span class='ocrx_word' id='word_1_42' title='bbox 874 808 992 856; x_wconf 89' lang='lat' dir='ltr'><strong>inventor</strong></span> <span class='ocrx_word' id='word_1_43' title='bbox 1000 821 1057 854; x_wconf 86' lang='lat' dir='ltr'><strong>esse</strong></span> <span class='ocrx_word' id='word_1_44' title='bbox 1067 805 1224 869; x_wconf 82' lang='lat' dir='ltr'><strong>perhibetur.</strong></span> <span class='ocrx_word' id='word_1_45' title='bbox 1241 804 1295 853; x_wconf 82' lang='lat' dir='ltr'><strong>Ne·</strong></span> 
     </span>
     <span class='ocr_line' id='line_1_6' title="bbox 207 878 1294 948; baseline -0.004 -18"><span class='ocrx_word' id='word_1_46' title='bbox 207 883 733 948; x_wconf 83' lang='lat' dir='ltr'><strong>sirnedixltTlreocritus,locoaLambine</strong></span> <span class='ocrx_word' id='word_1_47' title='bbox 769 896 819 944; x_wconf 79' lang='lat' dir='ltr'><strong>que</strong></span> <span class='ocrx_word' id='word_1_48' title='bbox 832 882 1061 942; x_wconf 82' lang='lat' dir='ltr'><strong>llermastautum,</strong></span> <span class='ocrx_word' id='word_1_49' title='bbox 1079 879 1124 929; x_wconf 87' lang='lat' dir='ltr'><strong>sed</strong></span> <span class='ocrx_word' id='word_1_50' title='bbox 1142 886 1170 929; x_wconf 89' lang='lat' dir='ltr'><strong>et</strong></span> <span class='ocrx_word' id='word_1_51' title='bbox 1187 878 1294 928; x_wconf 86' lang='lat' dir='ltr'><strong>llerrua-</strong></span> 
     </span>
     <span class='ocr_line' id='line_1_7' title="bbox 208 956 1295 1020; baseline -0.005 -13"><span class='ocrx_word' id='word_1_52' title='bbox 208 957 298 1007; x_wconf 86' lang='lat' dir='ltr'><strong>citato.</strong></span> <span class='ocrx_word' id='word_1_53' title='bbox 345 961 347 963; x_wconf 82' lang='grc'><strong>’</strong></span> <span class='ocrx_word' id='word_1_54' title='bbox 771 957 892 1012; x_wconf 77' lang='lat' dir='ltr'><strong>tbeuesiu</strong></span> <span class='ocrx_word' id='word_1_55' title='bbox 904 958 1045 1020; x_wconf 69' lang='lat' dir='ltr'><strong>gymnasiis</strong></span> <span class='ocrx_word' id='word_1_56' title='bbox 1056 956 1227 1005; x_wconf 82' lang='lat' dir='ltr'><strong>dedicabant:</strong></span> <span class='ocrx_word' id='word_1_57' title='bbox 1244 969 1295 1017; x_wconf 82' lang='lat' dir='ltr'><strong>quo</strong></span> 
     </span>
    </p>

    <p class='ocr_par' dir='ltr' id='par_1_3' title="bbox 203 1031 1364 1847">
     <span class='ocr_line' id='line_1_8' title="bbox 241 1031 1295 1098; baseline -0.004 -17"><span class='ocrx_word' id='word_1_58' title='bbox 241 1037 274 1082; x_wconf 78' lang='lat'><strong>20</strong></span> <span class='ocrx_word' id='word_1_59' title='bbox 293 1035 425 1098; x_wconf 77' lang='lat' dir='ltr'><strong>Composita</strong></span> <span class='ocrx_word' id='word_1_60' title='bbox 435 1034 648 1097; x_wconf 75' lang='lat' dir='ltr'><strong>repetaslsrlsore]</strong></span> <span class='ocrx_word' id='word_1_61' title='bbox 666 1036 733 1084; x_wconf 86' lang='lat' dir='ltr'><strong>Cou-</strong></span> <span class='ocrx_word' id='word_1_62' title='bbox 770 1047 819 1095; x_wconf 89' lang='lat' dir='ltr'><strong>per</strong></span> <span class='ocrx_word' id='word_1_63' title='bbox 843 1034 962 1081; x_wconf 74' lang='lat' dir='ltr'>insertam</span> <span class='ocrx_word' id='word_1_64' title='bbox 987 1031 1119 1081; x_wconf 78' lang='lat' dir='ltr'>Mercurio</span> <span class='ocrx_word' id='word_1_65' title='bbox 1141 1031 1295 1089; x_wconf 62' lang='lat' dir='ltr'><strong>Minervam</strong></span> 
     </span>
     <span class='ocr_line' id='line_1_9' title="bbox 208 1104 1294 1174; baseline -0.005 -17"><span class='ocrx_word' id='word_1_66' title='bbox 208 1109 316 1158; x_wconf 89' lang='lat' dir='ltr'><strong>stituere</strong></span> <span class='ocrx_word' id='word_1_67' title='bbox 326 1109 393 1158; x_wconf 86' lang='lat' dir='ltr'><strong>diem</strong></span> <span class='ocrx_word' id='word_1_68' title='bbox 404 1119 448 1160; x_wconf 87' lang='lat' dir='ltr'><strong>aut</strong></span> <span class='ocrx_word' id='word_1_69' title='bbox 460 1112 543 1159; x_wconf 87' lang='lat' dir='ltr'><strong>locum</strong></span> <span class='ocrx_word' id='word_1_70' title='bbox 556 1112 658 1174; x_wconf 91' lang='lat' dir='ltr'><strong>proprie</strong></span> <span class='ocrx_word' id='word_1_71' title='bbox 669 1110 734 1160; x_wconf 86' lang='lat' dir='ltr'><strong>dioi-</strong></span> <span class='ocrx_word' id='word_1_72' title='bbox 770 1108 886 1170; x_wconf 85' lang='lat' dir='ltr'><strong>apertius</strong></span> <span class='ocrx_word' id='word_1_73' title='bbox 908 1108 991 1156; x_wconf 78' lang='lat' dir='ltr'><strong>adhuc</strong></span> <span class='ocrx_word' id='word_1_74' title='bbox 1010 1104 1193 1168; x_wconf 73' lang='lat' dir='ltr'><strong>significarent,</strong></span> <span class='ocrx_word' id='word_1_75' title='bbox 1217 1104 1294 1152; x_wconf 86' lang='lat' dir='ltr'><strong>animi</strong></span> 
     </span>
     <span class='ocr_line' id='line_1_10' title="bbox 209 1177 1297 1247; baseline -0.006 -16"><span class='ocrx_word' id='word_1_76' title='bbox 209 1199 273 1244; x_wconf 85' lang='lat' dir='ltr'><strong>snus,</strong></span> <span class='ocrx_word' id='word_1_77' title='bbox 290 1200 347 1233; x_wconf 88' lang='lat' dir='ltr'><strong>cnm</strong></span> <span class='ocrx_word' id='word_1_78' title='bbox 367 1201 399 1235; x_wconf 86' lang='lat' dir='ltr'><strong>ex</strong></span> <span class='ocrx_word' id='word_1_79' title='bbox 418 1186 590 1244; x_wconf 81' lang='lat' dir='ltr'><strong>conventione</strong></span> <span class='ocrx_word' id='word_1_80' title='bbox 608 1186 733 1247; x_wconf 69' lang='lat' dir='ltr'><strong>agendum</strong></span> <span class='ocrx_word' id='word_1_81' title='bbox 771 1182 915 1244; x_wconf 82' lang='lat' dir='ltr'><strong>pariterue</strong></span> <span class='ocrx_word' id='word_1_82' title='bbox 932 1181 1047 1245; x_wconf 89' lang='lat' dir='ltr'><strong>corporis</strong></span> <span class='ocrx_word' id='word_1_83' title='bbox 1065 1177 1242 1228; x_wconf 76' lang='lat' dir='ltr'><strong>conformandi</strong></span> <span class='ocrx_word' id='word_1_84' title='bbox 1258 1192 1297 1226; x_wconf 89' lang='lat' dir='ltr'><strong>ra·</strong></span> 
     </span>
     <span class='ocr_line' id='line_1_11' title="bbox 209 1253 1295 1326; baseline 0.003 -20"><span class='ocrx_word' id='word_1_85' title='bbox 209 1257 305 1319; x_wconf 81' lang='lat' dir='ltr'><strong>aliquid</strong></span> <span class='ocrx_word' id='word_1_86' title='bbox 326 1267 399 1308; x_wconf 81' lang='lat' dir='ltr'><strong>certo</strong></span> <span class='ocrx_word' id='word_1_87' title='bbox 417 1260 475 1310; x_wconf 85' lang='lat' dir='ltr'><strong>loco</strong></span> <span class='ocrx_word' id='word_1_88' title='bbox 492 1267 536 1309; x_wconf 83' lang='lat' dir='ltr'><strong>ant</strong></span> <span class='ocrx_word' id='word_1_89' title='bbox 549 1269 735 1326; x_wconf 82' lang='lat' dir='ltr'><strong>remporepro·</strong></span> <span class='ocrx_word' id='word_1_90' title='bbox 771 1256 867 1305; x_wconf 81' lang='lat' dir='ltr'><strong>tionem</strong></span> <span class='ocrx_word' id='word_1_91' title='bbox 890 1255 979 1304; x_wconf 79' lang='lat' dir='ltr'><strong>haberi</strong></span> <span class='ocrx_word' id='word_1_92' title='bbox 999 1255 1103 1303; x_wconf 74' lang='lat' dir='ltr'><strong>debere·</strong></span> <span class='ocrx_word' id='word_1_93' title='bbox 1134 1255 1197 1302; x_wconf 81' lang='lat' dir='ltr'><strong>&#39;rom</strong></span> <span class='ocrx_word' id='word_1_94' title='bbox 1216 1253 1295 1301; x_wconf 82' lang='lat' dir='ltr'><strong>etius</strong></span> 
     </span>
     <span class='ocr_line' id='line_1_12' title="bbox 208 1327 1297 1393; baseline -0.005 -14"><span class='ocrx_word' id='word_1_95' title='bbox 208 1333 320 1393; x_wconf 88' lang='lat' dir='ltr'><strong>ponitur.</strong></span> <span class='ocrx_word' id='word_1_96' title='bbox 353 1333 422 1382; x_wconf 84' lang='lat' dir='ltr'><strong>Hinc</strong></span> <span class='ocrx_word' id='word_1_97' title='bbox 441 1335 489 1383; x_wconf 88' lang='lat' dir='ltr'><strong>‘sd</strong></span> <span class='ocrx_word' id='word_1_98' title='bbox 506 1337 672 1386; x_wconf 77' lang='lat' dir='ltr'><strong>constiturum</strong></span> <span class='ocrx_word' id='word_1_99' title='bbox 690 1337 734 1385; x_wconf 75' lang='lat' dir='ltr'><strong>sd.</strong></span> <span class='ocrx_word' id='word_1_100' title='bbox 772 1330 940 1380; x_wconf 81' lang='lat' dir='ltr'><strong>lienuerotss</strong></span> <span class='ocrx_word' id='word_1_101' title='bbox 951 1338 978 1378; x_wconf 88' lang='lat' dir='ltr'><strong>et</strong></span> <span class='ocrx_word' id='word_1_102' title='bbox 987 1328 1168 1378; x_wconf 84' lang='lat' dir='ltr'><strong>Hermeraclas</strong></span> <span class='ocrx_word' id='word_1_103' title='bbox 1180 1327 1297 1389; x_wconf 77' lang='lat' dir='ltr'><strong>legimur,</strong></span> 
     </span>
     <span class='ocr_line' id='line_1_13' title="bbox 203 1403 1296 1474; baseline -0.001 -22"><span class='ocrx_word' id='word_1_104' title='bbox 203 1420 273 1468; x_wconf 5' lang='lat' dir='ltr'><strong>pesse,</strong></span> <span class='ocrx_word' id='word_1_105' title='bbox 291 1408 435 1457; x_wconf 62' lang='lat' dir='ltr'><strong>euenire!</strong></span> <span class='ocrx_word' id='word_1_106' title='bbox 467 1410 671 1474; x_wconf 81' lang='lat' dir='ltr'><strong>‘compositam&#39;</strong></span> <span class='ocrx_word' id='word_1_107' title='bbox 689 1411 734 1474; x_wconf 78' lang='lat' dir='ltr'><strong>igi·</strong></span> <span class='ocrx_word' id='word_1_108' title='bbox 770 1410 865 1459; x_wconf 81' lang='lat' dir='ltr'><strong>mixtas</strong></span> <span class='ocrx_word' id='word_1_109' title='bbox 875 1422 968 1473; x_wconf 89' lang='lat' dir='ltr'><strong>nempe</strong></span> <span class='ocrx_word' id='word_1_110' title='bbox 987 1406 1186 1466; x_wconf 81' lang='lat' dir='ltr'><strong>Mercuriicum</strong></span> <span class='ocrx_word' id='word_1_111' title='bbox 1201 1403 1296 1453; x_wconf 80' lang='lat' dir='ltr'><strong>limare</strong></span> 
     </span>
     <span class='ocr_line' id='line_1_14' title="bbox 209 1478 1296 1544; baseline 0 -17"><span class='ocrx_word' id='word_1_112' title='bbox 209 1488 251 1528; x_wconf 88' lang='lat' dir='ltr'><strong>rur</strong></span> <span class='ocrx_word' id='word_1_113' title='bbox 267 1482 384 1531; x_wconf 84' lang='lat' dir='ltr'><strong>‘horam’</strong></span> <span class='ocrx_word' id='word_1_114' title='bbox 401 1483 479 1534; x_wconf 83' lang='lat' dir='ltr'><strong>simili</strong></span> <span class='ocrx_word' id='word_1_115' title='bbox 490 1486 589 1537; x_wconf 85' lang='lat' dir='ltr'><strong>ratione</strong></span> <span class='ocrx_word' id='word_1_116' title='bbox 601 1487 668 1537; x_wconf 82' lang='lat' dir='ltr'><strong>dixit</strong></span> <span class='ocrx_word' id='word_1_117' title='bbox 679 1487 733 1537; x_wconf 84' lang='lat' dir='ltr'><strong>llo·</strong></span> <span class='ocrx_word' id='word_1_118' title='bbox 771 1493 799 1536; x_wconf 87' lang='lat' dir='ltr'><strong>et</strong></span> <span class='ocrx_word' id='word_1_119' title='bbox 817 1485 932 1535; x_wconf 79' lang='lat' dir='ltr'><strong>Hercule</strong></span> <span class='ocrx_word' id='word_1_120' title='bbox 949 1491 1062 1533; x_wconf 86' lang='lat' dir='ltr'><strong>statues:</strong></span> <span class='ocrx_word' id='word_1_121' title='bbox 1080 1478 1147 1544; x_wconf 90' lang='lat' dir='ltr'><strong>quod</strong></span> <span class='ocrx_word' id='word_1_122' title='bbox 1160 1479 1296 1534; x_wconf 77' lang='lat' dir='ltr'><strong>Oratione,</strong></span> 
     </span>
     <span class='ocr_line' id='line_1_15' title="bbox 208 1554 1296 1622; baseline 0 -20"><span class='ocrx_word' id='word_1_123' title='bbox 208 1556 297 1616; x_wconf 87' lang='lat' dir='ltr'><strong>ratius,</strong></span> <span class='ocrx_word' id='word_1_124' title='bbox 314 1573 370 1621; x_wconf 78' lang='lat' dir='ltr'><strong>quas</strong></span> <span class='ocrx_word' id='word_1_125' title='bbox 389 1560 582 1612; x_wconf 76' lang='lat' dir='ltr'><strong>interementes</strong></span> <span class='ocrx_word' id='word_1_126' title='bbox 593 1563 734 1612; x_wconf 83' lang='lat' dir='ltr'><strong>constituta</strong></span> <span class='ocrx_word' id='word_1_127' title='bbox 770 1567 801 1609; x_wconf 82' lang='lat' dir='ltr'><strong>ut</strong></span> <span class='ocrx_word' id='word_1_128' title='bbox 818 1561 879 1609; x_wconf 88' lang='lat' dir='ltr'><strong>nilril</strong></span> <span class='ocrx_word' id='word_1_129' title='bbox 898 1560 1042 1622; x_wconf 83' lang='lat' dir='ltr'><strong>amabilius,</strong></span> <span class='ocrx_word' id='word_1_130' title='bbox 1059 1557 1096 1606; x_wconf 88' lang='lat' dir='ltr'><strong>sic</strong></span> <span class='ocrx_word' id='word_1_131' title='bbox 1113 1569 1197 1620; x_wconf 72' lang='lat' dir='ltr'><strong>nequae</strong></span> <span class='ocrx_word' id='word_1_132' title='bbox 1208 1554 1296 1603; x_wconf 89' lang='lat' dir='ltr'><strong>robus·</strong></span> 
     </span>
     <span class='ocr_line' id='line_1_16' title="bbox 209 1629 1296 1699; baseline 0 -22"><span class='ocrx_word' id='word_1_133' title='bbox 209 1629 252 1678; x_wconf 88' lang='lat' dir='ltr'><strong>sir.</strong></span> <span class='ocrx_word' id='word_1_134' title='bbox 273 1631 381 1680; x_wconf 76' lang='lat' dir='ltr'><strong>Torreat.</strong></span> <span class='ocrx_word' id='word_1_135' title='bbox 415 1634 560 1698; x_wconf 77' lang='lat' dir='ltr'><strong>Conposita]</strong></span> <span class='ocrx_word' id='word_1_136' title='bbox 584 1637 656 1685; x_wconf 79' lang='lat' dir='ltr'><strong>liora</strong></span> <span class='ocrx_word' id='word_1_137' title='bbox 674 1650 734 1686; x_wconf 80' lang='lat' dir='ltr'><strong>tou·</strong></span> <span class='ocrx_word' id='word_1_138' title='bbox 771 1634 832 1696; x_wconf 84' lang='lat' dir='ltr'><strong>tius,</strong></span> <span class='ocrx_word' id='word_1_139' title='bbox 843 1633 1033 1699; x_wconf 82' lang='lat' dir='ltr'><strong>efficaciusque.</strong></span> <span class='ocrx_word' id='word_1_140' title='bbox 1057 1631 1296 1681; x_wconf 78' lang='lat' dir='ltr'><strong>Pluribus&#39;llorsee·</strong></span> 
     </span>
     <span class='ocr_line' id='line_1_17' title="bbox 207 1704 1364 1775; baseline -0.002 -22"><span class='ocrx_word' id='word_1_141' title='bbox 207 1706 299 1755; x_wconf 87' lang='lat' dir='ltr'><strong>stituta</strong></span> <span class='ocrx_word' id='word_1_142' title='bbox 310 1708 403 1757; x_wconf 86' lang='lat' dir='ltr'><strong>iterum</strong></span> <span class='ocrx_word' id='word_1_143' title='bbox 412 1716 488 1775; x_wconf 86' lang='lat' dir='ltr'><strong>atque</strong></span> <span class='ocrx_word' id='word_1_144' title='bbox 498 1711 590 1760; x_wconf 89' lang='lat' dir='ltr'><strong>iterum</strong></span> <span class='ocrx_word' id='word_1_145' title='bbox 601 1727 616 1761; x_wconf 88' lang='lat' dir='ltr'><strong>a</strong></span> <span class='ocrx_word' id='word_1_146' title='bbox 627 1721 653 1762; x_wconf 85' lang='lat' dir='ltr'><strong>te</strong></span> <span class='ocrx_word' id='word_1_147' title='bbox 661 1727 733 1761; x_wconf 88' lang='lat' dir='ltr'><strong>usur·</strong></span> <span class='ocrx_word' id='word_1_148' title='bbox 770 1711 833 1760; x_wconf 89' lang='lat' dir='ltr'><strong>tium</strong></span> <span class='ocrx_word' id='word_1_149' title='bbox 844 1710 877 1759; x_wconf 89' lang='lat' dir='ltr'><strong>de</strong></span> <span class='ocrx_word' id='word_1_150' title='bbox 887 1710 990 1759; x_wconf 83' lang='lat' dir='ltr'><strong>llermis</strong></span> <span class='ocrx_word' id='word_1_151' title='bbox 998 1709 1166 1758; x_wconf 74' lang='lat' dir='ltr'><strong>disserentem</strong></span> <span class='ocrx_word' id='word_1_152' title='bbox 1183 1719 1229 1754; x_wconf 95' lang='lat' dir='ltr'><strong>suo</strong></span> <span class='ocrx_word' id='word_1_153' title='bbox 1238 1704 1296 1753; x_wconf 83' lang='lat' dir='ltr'><strong>loco</strong></span> <span class='ocrx_word' id='word_1_154' title='bbox 1351 1743 1364 1752; x_wconf 90' lang='lat'>.</span> 
     </span>
     <span class='ocr_line' id='line_1_18' title="bbox 209 1781 1296 1847; baseline -0.006 -12"><span class='ocrx_word' id='word_1_155' title='bbox 209 1787 313 1844; x_wconf 74' lang='lat' dir='ltr'><strong>pentur-</strong></span> <span class='ocrx_word' id='word_1_156' title='bbox 771 1786 839 1835; x_wconf 81' lang='lat' dir='ltr'><strong>side·</strong></span> <span class='ocrx_word' id='word_1_157' title='bbox 871 1786 947 1835; x_wconf 82' lang='lat' dir='ltr'><strong>Feros</strong></span> <span class='ocrx_word' id='word_1_158' title='bbox 964 1784 1052 1847; x_wconf 70' lang='lat' dir='ltr'><strong>cauas]</strong></span> <span class='ocrx_word' id='word_1_159' title='bbox 1074 1782 1197 1846; x_wconf 74' lang='lat' dir='ltr'><strong>Agrastes</strong></span> <span class='ocrx_word' id='word_1_160' title='bbox 1216 1781 1296 1829; x_wconf 81' lang='lat' dir='ltr'><strong>uomi-</strong></span> 
     </span>
    </p>

    <p class='ocr_par' dir='ltr' id='par_1_4' title="bbox 207 1857 1296 2293">
     <span class='ocr_line' id='line_1_19' title="bbox 239 1857 1296 1927; baseline 0.001 -23"><span class='ocrx_word' id='word_1_161' title='bbox 239 1857 512 1926; x_wconf 63' lang='lat' dir='ltr'><strong>cruciamentis]</strong></span> <span class='ocrx_word' id='word_1_162' title='bbox 537 1863 734 1927; x_wconf 81' lang='lat' dir='ltr'><strong>Etnuucrepe·</strong></span> <span class='ocrx_word' id='word_1_163' title='bbox 771 1861 980 1923; x_wconf 88' lang='lat' dir='ltr'><strong>uumprimorurn</strong></span> <span class='ocrx_word' id='word_1_164' title='bbox 992 1873 1085 1908; x_wconf 90' lang='lat' dir='ltr'><strong>mores.</strong></span> <span class='ocrx_word' id='word_1_165' title='bbox 1122 1857 1296 1907; x_wconf 68' lang='lat' dir='ltr'><strong>Horristuurcs</strong></span> 
     </span>
     <span class='ocr_line' id='line_1_20' title="bbox 207 1931 1296 2001; baseline 0.001 -23"><span class='ocrx_word' id='word_1_166' title='bbox 207 1935 304 1996; x_wconf 65' lang='lat' dir='ltr'><strong>estora</strong></span> <span class='ocrx_word' id='word_1_167' title='bbox 322 1940 348 1980; x_wconf 91' lang='lat' dir='ltr'><strong>te</strong></span> <span class='ocrx_word' id='word_1_168' title='bbox 368 1942 455 1995; x_wconf 73' lang='lat' dir='ltr'><strong>gratus</strong></span> <span class='ocrx_word' id='word_1_169' title='bbox 472 1937 547 1992; x_wconf 81' lang='lat' dir='ltr'><strong>risus.</strong></span> <span class='ocrx_word' id='word_1_170' title='bbox 563 1937 689 2001; x_wconf 84' lang='lat' dir='ltr'><strong>proditor,</strong></span> <span class='ocrx_word' id='word_1_171' title='bbox 707 1945 735 1988; x_wconf 88' lang='lat' dir='ltr'><strong>et</strong></span> <span class='ocrx_word' id='word_1_172' title='bbox 771 1934 875 1998; x_wconf 77' lang='lat' dir='ltr'><strong>centens]</strong></span> <span class='ocrx_word' id='word_1_173' title='bbox 893 1935 925 1984; x_wconf 87' lang='lat' dir='ltr'><strong>ld</strong></span> <span class='ocrx_word' id='word_1_174' title='bbox 944 1944 995 1997; x_wconf 87' lang='lat' dir='ltr'><strong>est,</strong></span> <span class='ocrx_word' id='word_1_175' title='bbox 1010 1949 1108 1996; x_wconf 88' lang='lat' dir='ltr'><strong>eorum,</strong></span> <span class='ocrx_word' id='word_1_176' title='bbox 1125 1935 1176 1998; x_wconf 83' lang='lat' dir='ltr'><strong>qni,</strong></span> <span class='ocrx_word' id='word_1_177' title='bbox 1190 1931 1296 1981; x_wconf 75' lang='lat' dir='ltr'><strong>feritate</strong></span> 
     </span>
     <span class='ocr_line' id='line_1_21' title="bbox 207 2003 1296 2076; baseline 0.002 -24"><span class='ocrx_word' id='word_1_178' title='bbox 207 2003 287 2052; x_wconf 85' lang='lat' dir='ltr'><strong>iudex</strong></span> <span class='ocrx_word' id='word_1_179' title='bbox 300 2008 391 2067; x_wconf 73' lang='lat' dir='ltr'><strong>puellm</strong></span> <span class='ocrx_word' id='word_1_180' title='bbox 402 2007 514 2070; x_wconf 79' lang='lat' dir='ltr'><strong>latentis,</strong></span> <span class='ocrx_word' id='word_1_181' title='bbox 525 2009 550 2058; x_wconf 92' lang='lat' dir='ltr'><strong>id</strong></span> <span class='ocrx_word' id='word_1_182' title='bbox 562 2019 612 2071; x_wconf 86' lang='lat' dir='ltr'><strong>est,</strong></span> <span class='ocrx_word' id='word_1_183' title='bbox 622 2013 646 2060; x_wconf 92' lang='lat' dir='ltr'><strong>iu</strong></span> <span class='ocrx_word' id='word_1_184' title='bbox 656 2028 734 2076; x_wconf 73' lang='lat' dir='ltr'><strong>ango·</strong></span> <span class='ocrx_word' id='word_1_185' title='bbox 771 2018 871 2058; x_wconf 84' lang='lat' dir='ltr'><strong>mutata</strong></span> <span class='ocrx_word' id='word_1_186' title='bbox 893 2024 940 2070; x_wconf 89' lang='lat' dir='ltr'><strong>per</strong></span> <span class='ocrx_word' id='word_1_187' title='bbox 961 2009 1134 2071; x_wconf 78' lang='lat' dir='ltr'><strong>eloquentiam</strong></span> <span class='ocrx_word' id='word_1_188' title='bbox 1161 2007 1296 2066; x_wconf 80' lang='lat' dir='ltr'><strong>Mercurii,</strong></span> 
     </span>
     <span class='ocr_line' id='line_1_22' title="bbox 208 2078 1296 2144; baseline 0.011 -19"><span class='ocrx_word' id='word_1_189' title='bbox 208 2078 260 2125; x_wconf 86' lang='lat' dir='ltr'><strong>luni</strong></span> <span class='ocrx_word' id='word_1_190' title='bbox 272 2092 300 2126; x_wconf 89' lang='lat' dir='ltr'><strong>se</strong></span> <span class='ocrx_word' id='word_1_191' title='bbox 312 2079 440 2141; x_wconf 87' lang='lat' dir='ltr'><strong>abdentis,</strong></span> <span class='ocrx_word' id='word_1_192' title='bbox 454 2096 485 2130; x_wconf 88' lang='lat' dir='ltr'><strong>sc</strong></span> <span class='ocrx_word' id='word_1_193' title='bbox 497 2083 649 2132; x_wconf 87' lang='lat' dir='ltr'><strong>delitescere</strong></span> <span class='ocrx_word' id='word_1_194' title='bbox 659 2086 734 2134; x_wconf 83' lang='lat' dir='ltr'><strong>elutu-</strong></span> <span class='ocrx_word' id='word_1_195' title='bbox 771 2095 853 2144; x_wconf 68' lang='lat' dir='ltr'><strong>nuper</strong></span> <span class='ocrx_word' id='word_1_196' title='bbox 864 2081 1002 2130; x_wconf 69' lang='lat' dir='ltr'><strong>induerant</strong></span> <span class='ocrx_word' id='word_1_197' title='bbox 1012 2082 1201 2130; x_wconf 66' lang='lat' dir='ltr'><strong>humwltnlem·</strong></span> <span class='ocrx_word' id='word_1_198' title='bbox 1222 2084 1296 2143; x_wconf 69' lang='lat' dir='ltr'><strong>Gne·</strong></span> 
     </span>
     <span class='ocr_line' id='line_1_23' title="bbox 209 2152 1295 2219; baseline 0.005 -19"><span class='ocrx_word' id='word_1_199' title='bbox 209 2152 293 2200; x_wconf 79' lang='lat' dir='ltr'><strong>lauris.</strong></span> <span class='ocrx_word' id='word_1_200' title='bbox 335 2153 414 2204; x_wconf 82' lang='lat' dir='ltr'><strong>Ridet</strong></span> <span class='ocrx_word' id='word_1_201' title='bbox 434 2157 502 2206; x_wconf 89' lang='lat' dir='ltr'><strong>euim</strong></span> <span class='ocrx_word' id='word_1_202' title='bbox 522 2158 616 2219; x_wconf 88' lang='lat' dir='ltr'><strong>puella,</strong></span> <span class='ocrx_word' id='word_1_203' title='bbox 635 2173 669 2207; x_wconf 90' lang='lat' dir='ltr'><strong>ue</strong></span> <span class='ocrx_word' id='word_1_204' title='bbox 690 2159 736 2208; x_wconf 91' lang='lat' dir='ltr'><strong>diu</strong></span> <span class='ocrx_word' id='word_1_205' title='bbox 804 2156 900 2204; x_wconf 74' lang='lat' dir='ltr'><strong>³Vocc</strong></span> <span class='ocrx_word' id='word_1_206' title='bbox 914 2154 1040 2216; x_wconf 71' lang='lat' dir='ltr'><strong>sonnostt]</strong></span> <span class='ocrx_word' id='word_1_207' title='bbox 1067 2156 1232 2216; x_wconf 82' lang='lat' dir='ltr'><strong>Eloquentia,</strong></span> <span class='ocrx_word' id='word_1_208' title='bbox 1254 2159 1295 2205; x_wconf 86' lang='lat' dir='ltr'><strong>rel</strong></span> 
     </span>
     <span class='ocr_line' id='line_1_24' title="bbox 208 2227 1296 2293; baseline 0.006 -20"><span class='ocrx_word' id='word_1_209' title='bbox 208 2232 350 2290; x_wconf 79' lang='lat' dir='ltr'><strong>quaeratur,</strong></span> <span class='ocrx_word' id='word_1_210' title='bbox 367 2228 687 2292; x_wconf 85' lang='lat' dir='ltr'><strong>sedutseipsamprodst.</strong></span> <span class='ocrx_word' id='word_1_211' title='bbox 727 2237 728 2240; x_wconf 78' lang='grc'>’</span> <span class='ocrx_word' id='word_1_212' title='bbox 771 2227 1083 2278; x_wconf 76' lang='lat' dir='ltr'><strong>musicscoufornsavisti.</strong></span> <span class='ocrx_word' id='word_1_213' title='bbox 1118 2230 1296 2293; x_wconf 62' lang='lat' dir='ltr'><strong>Columnam</strong></span> 
     </span>
    </p>

    <p class='ocr_par' dir='ltr' id='par_1_5' title="bbox 206 2300 1297 3500">
     <span class='ocr_line' id='line_1_25' title="bbox 229 2300 1294 2368; baseline 0.005 -18"><span class='ocrx_word' id='word_1_214' title='bbox 229 2300 272 2350; x_wconf 68' lang='grc' dir='ltr'><strong>’Ἃ</strong></span> <span class='ocrx_word' id='word_1_215' title='bbox 291 2302 427 2366; x_wconf 77' lang='lat' dir='ltr'><strong>Pigsssque</strong></span> <span class='ocrx_word' id='word_1_216' title='bbox 437 2304 668 2368; x_wconf 74' lang='lat' dir='ltr'><strong>dereptunlucerlis]</strong></span> <span class='ocrx_word' id='word_1_217' title='bbox 686 2306 735 2355; x_wconf 74' lang='lat' dir='ltr'><strong>Ar·</strong></span> <span class='ocrx_word' id='word_1_218' title='bbox 772 2302 1080 2363; x_wconf 81' lang='lat' dir='ltr'><strong>cautus3doctus,solers.</strong></span> <span class='ocrx_word' id='word_1_219' title='bbox 1096 2303 1294 2367; x_wconf 80' lang='lat' dir='ltr'><strong>DecoraeJQuod</strong></span> 
     </span>
     <span class='ocr_line' id='line_1_26' title="bbox 208 2377 1296 2444; baseline 0.006 -18"><span class='ocrx_word' id='word_1_220' title='bbox 208 2377 278 2426; x_wconf 81' lang='lat' dir='ltr'><strong>milla</strong></span> <span class='ocrx_word' id='word_1_221' title='bbox 291 2379 414 2427; x_wconf 82' lang='lat' dir='ltr'><strong>riuvulse</strong></span> <span class='ocrx_word' id='word_1_222' title='bbox 425 2394 457 2428; x_wconf 79' lang='lat' dir='ltr'><strong>ex</strong></span> <span class='ocrx_word' id='word_1_223' title='bbox 469 2381 581 2437; x_wconf 86' lang='lat' dir='ltr'><strong>lacertis,</strong></span> <span class='ocrx_word' id='word_1_224' title='bbox 595 2389 641 2431; x_wconf 83' lang='lat' dir='ltr'><strong>aut</strong></span> <span class='ocrx_word' id='word_1_225' title='bbox 655 2396 734 2431; x_wconf 88' lang='lat' dir='ltr'><strong>sunu·</strong></span> <span class='ocrx_word' id='word_1_226' title='bbox 769 2378 826 2426; x_wconf 75' lang='lat' dir='ltr'><strong>viro</strong></span> <span class='ocrx_word' id='word_1_227' title='bbox 846 2379 955 2427; x_wconf 73' lang='lat' dir='ltr'><strong>maxime</strong></span> <span class='ocrx_word' id='word_1_228' title='bbox 973 2379 1074 2428; x_wconf 73' lang='lat' dir='ltr'><strong>decert-</strong></span> <span class='ocrx_word' id='word_1_229' title='bbox 1117 2380 1205 2430; x_wconf 79' lang='lat' dir='ltr'><strong>Qum</strong></span> <span class='ocrx_word' id='word_1_230' title='bbox 1227 2381 1296 2444; x_wconf 71' lang='lat' dir='ltr'><strong>apud</strong></span> 
     </span>
     <span class='ocr_line' id='line_1_27' title="bbox 208 2452 1296 2522; baseline 0.002 -20"><span class='ocrx_word' id='word_1_231' title='bbox 208 2454 248 2502; x_wconf 80' lang='lat' dir='ltr'><strong>les</strong></span> <span class='ocrx_word' id='word_1_232' title='bbox 260 2468 275 2501; x_wconf 91' lang='lat' dir='ltr'><strong>a</strong></span> <span class='ocrx_word' id='word_1_233' title='bbox 287 2452 369 2517; x_wconf 74' lang='lat' dir='ltr'><strong>digito</strong></span> <span class='ocrx_word' id='word_1_234' title='bbox 379 2456 455 2519; x_wconf 82' lang='lat' dir='ltr'><strong>male,</strong></span> <span class='ocrx_word' id='word_1_235' title='bbox 467 2455 492 2505; x_wconf 92' lang='lat' dir='ltr'><strong>id</strong></span> <span class='ocrx_word' id='word_1_236' title='bbox 504 2464 553 2519; x_wconf 85' lang='lat' dir='ltr'><strong>est,</strong></span> <span class='ocrx_word' id='word_1_237' title='bbox 570 2472 659 2521; x_wconf 86' lang='lat' dir='ltr'><strong>parum</strong></span> <span class='ocrx_word' id='word_1_238' title='bbox 676 2473 734 2522; x_wconf 89' lang='lat' dir='ltr'><strong>per·</strong></span> <span class='ocrx_word' id='word_1_239' title='bbox 771 2454 879 2504; x_wconf 68' lang='lat' dir='ltr'><strong>Grecos</strong></span> <span class='ocrx_word' id='word_1_240' title='bbox 892 2455 924 2503; x_wconf 84' lang='lat' dir='ltr'><strong>sis</strong></span> <span class='ocrx_word' id='word_1_241' title='bbox 938 2454 1112 2505; x_wconf 75' lang='lat' dir='ltr'><strong>odolescentia</strong></span> <span class='ocrx_word' id='word_1_242' title='bbox 1128 2470 1226 2504; x_wconf 87' lang='lat' dir='ltr'><strong>sururno</strong></span> <span class='ocrx_word' id='word_1_243' title='bbox 1243 2469 1296 2504; x_wconf 85' lang='lat' dir='ltr'><strong>orn·</strong></span> 
     </span>
     <span class='ocr_line' id='line_1_28' title="bbox 209 2529 1296 2597; baseline 0.003 -20"><span class='ocrx_word' id='word_1_244' title='bbox 209 2529 332 2580; x_wconf 88' lang='lat' dir='ltr'><strong>tinaciter</strong></span> <span class='ocrx_word' id='word_1_245' title='bbox 358 2532 497 2581; x_wconf 79' lang='lat' dir='ltr'><strong>retinente.</strong></span> <span class='ocrx_word' id='word_1_246' title='bbox 541 2533 607 2584; x_wconf 74' lang='lat' dir='ltr'><strong>Nam</strong></span> <span class='ocrx_word' id='word_1_247' title='bbox 635 2532 735 2597; x_wconf 76' lang='lat' dir='ltr'><strong>fingunt</strong></span> <span class='ocrx_word' id='word_1_248' title='bbox 770 2543 817 2578; x_wconf 86' lang='lat' dir='ltr'><strong>uer</strong></span> <span class='ocrx_word' id='word_1_249' title='bbox 833 2530 860 2578; x_wconf 86' lang='lat' dir='ltr'><strong>ia</strong></span> <span class='ocrx_word' id='word_1_250' title='bbox 877 2543 909 2579; x_wconf 79' lang='lat' dir='ltr'><strong>ea</strong></span> <span class='ocrx_word' id='word_1_251' title='bbox 924 2530 1010 2578; x_wconf 89' lang='lat' dir='ltr'><strong>studio</strong></span> <span class='ocrx_word' id='word_1_252' title='bbox 1029 2529 1226 2580; x_wconf 85' lang='lat' dir='ltr'><strong>exercebantur.</strong></span> <span class='ocrx_word' id='word_1_253' title='bbox 1259 2531 1296 2580; x_wconf 82' lang='lat' dir='ltr'><strong>Et</strong></span> 
     </span>
     <span class='ocr_line' id='line_1_29' title="bbox 206 2605 1294 2672; baseline 0.006 -18"><span class='ocrx_word' id='word_1_254' title='bbox 206 2606 303 2668; x_wconf 75' lang='lat' dir='ltr'><strong>puellas</strong></span> <span class='ocrx_word' id='word_1_255' title='bbox 324 2620 352 2655; x_wconf 89' lang='lat' dir='ltr'><strong>se</strong></span> <span class='ocrx_word' id='word_1_256' title='bbox 371 2607 436 2655; x_wconf 84' lang='lat' dir='ltr'><strong>rells</strong></span> <span class='ocrx_word' id='word_1_257' title='bbox 456 2608 579 2670; x_wconf 85' lang='lat' dir='ltr'><strong>retinere,</strong></span> <span class='ocrx_word' id='word_1_258' title='bbox 601 2609 669 2672; x_wconf 90' lang='lat' dir='ltr'><strong>quod</strong></span> <span class='ocrx_word' id='word_1_259' title='bbox 690 2624 735 2658; x_wconf 87' lang='lat' dir='ltr'><strong>cu·</strong></span> <span class='ocrx_word' id='word_1_260' title='bbox 770 2612 799 2653; x_wconf 78' lang='lat' dir='ltr'><strong>ut</strong></span> <span class='ocrx_word' id='word_1_261' title='bbox 815 2606 947 2669; x_wconf 67' lang='lat' dir='ltr'><strong>palestrae</strong></span> <span class='ocrx_word' id='word_1_262' title='bbox 964 2606 1051 2655; x_wconf 60' lang='lat' dir='ltr'><strong>Greci</strong></span> <span class='ocrx_word' id='word_1_263' title='bbox 1066 2605 1175 2671; x_wconf 67' lang='grc' dir='ltr'><strong>λιπαρός.</strong></span> <span class='ocrx_word' id='word_1_264' title='bbox 1193 2607 1231 2655; x_wconf 69' lang='lat'><strong>⁸10</strong></span> <span class='ocrx_word' id='word_1_265' title='bbox 1247 2606 1294 2655; x_wconf 69' lang='lat'><strong>1⁴¹·</strong></span> 
     </span>
     <span class='ocr_line' id='line_1_30' title="bbox 207 2676 1296 2749; baseline 0.001 -19"><span class='ocrx_word' id='word_1_266' title='bbox 207 2680 284 2744; x_wconf 86' lang='lat' dir='ltr'><strong>piuut</strong></span> <span class='ocrx_word' id='word_1_267' title='bbox 302 2681 351 2731; x_wconf 84' lang='lat' dir='ltr'><strong>sibi</strong></span> <span class='ocrx_word' id='word_1_268' title='bbox 363 2680 449 2731; x_wconf 90' lang='lat' dir='ltr'><strong>adimi.</strong></span> <span class='ocrx_word' id='word_1_269' title='bbox 483 2683 614 2747; x_wconf 67' lang='lat' dir='ltr'><strong>Der-eptem</strong></span> <span class='ocrx_word' id='word_1_270' title='bbox 625 2698 688 2748; x_wconf 72' lang='lat' dir='ltr'><strong>ergo</strong></span> <span class='ocrx_word' id='word_1_271' title='bbox 697 2677 734 2733; x_wconf 88' lang='lat' dir='ltr'><strong>le·</strong></span> <span class='ocrx_word' id='word_1_272' title='bbox 771 2676 819 2731; x_wconf 86' lang='lat' dir='ltr'><strong>riui</strong></span> <span class='ocrx_word' id='word_1_273' title='bbox 834 2681 963 2741; x_wconf 87' lang='lat' dir='ltr'><strong>‘nitidas,&#39;</strong></span> <span class='ocrx_word' id='word_1_274' title='bbox 974 2683 1168 2749; x_wconf 79' lang='lat' dir='ltr'><strong>‘liquidasque’</strong></span> <span class='ocrx_word' id='word_1_275' title='bbox 1180 2691 1207 2733; x_wconf 86' lang='lat' dir='ltr'><strong>ot</strong></span> <span class='ocrx_word' id='word_1_276' title='bbox 1218 2690 1296 2732; x_wconf 85' lang='lat' dir='ltr'><strong>‘urre-</strong></span> 
     </span>
     <span class='ocr_line' id='line_1_31' title="bbox 209 2754 1071 2819; baseline 0.005 -15"><span class='ocrx_word' id='word_1_277' title='bbox 209 2756 332 2818; x_wconf 65' lang='lat' dir='ltr'><strong>gendum,</strong></span> <span class='ocrx_word' id='word_1_278' title='bbox 352 2754 403 2804; x_wconf 86' lang='lat' dir='ltr'><strong>non</strong></span> <span class='ocrx_word' id='word_1_279' title='bbox 424 2758 549 2819; x_wconf 77' lang='lat' dir='ltr'><strong>direptum.</strong></span> <span class='ocrx_word' id='word_1_280' title='bbox 582 2759 629 2807; x_wconf 82' lang='lat' dir='ltr'><strong>Est</strong></span> <span class='ocrx_word' id='word_1_281' title='bbox 649 2764 735 2808; x_wconf 85' lang='lat' dir='ltr'><strong>sutem</strong></span> <span class='ocrx_word' id='word_1_282' title='bbox 771 2757 943 2807; x_wconf 83' lang='lat' dir='ltr'><strong>tas&#39;rocant.</strong></span> <span class='ocrx_word' id='word_1_283' title='bbox 962 2757 1071 2808; x_wconf 75' lang='lat' dir='ltr'><strong>Terreni.</strong></span> 
     </span>
     <span class='ocr_line' id='line_1_32' title="bbox 207 2829 1295 2896; baseline 0.006 -19"><span class='ocrx_word' id='word_1_284' title='bbox 207 2829 361 2891; x_wconf 84' lang='lat' dir='ltr'><strong>‘deripere’</strong></span> <span class='ocrx_word' id='word_1_285' title='bbox 384 2830 417 2878; x_wconf 89' lang='lat' dir='ltr'><strong>de</strong></span> <span class='ocrx_word' id='word_1_286' title='bbox 436 2832 527 2893; x_wconf 83' lang='lat' dir='ltr'><strong>quovis</strong></span> <span class='ocrx_word' id='word_1_287' title='bbox 546 2832 604 2879; x_wconf 89' lang='lat' dir='ltr'><strong>loco</strong></span> <span class='ocrx_word' id='word_1_288' title='bbox 625 2846 734 2894; x_wconf 76' lang='lat' dir='ltr'><strong>rapere3</strong></span> <span class='ocrx_word' id='word_1_289' title='bbox 802 2832 905 2880; x_wconf 73' lang='lat' dir='ltr'><strong>dMore</strong></span> <span class='ocrx_word' id='word_1_290' title='bbox 914 2833 1043 2895; x_wconf 80' lang='lat' dir='ltr'><strong>peloesrroe]</strong></span> <span class='ocrx_word' id='word_1_291' title='bbox 1060 2834 1295 2896; x_wconf 78' lang='lat' dir='ltr'><strong>Quisestuiosps·</strong></span> 
     </span>
     <span class='ocr_line' id='line_1_33' title="bbox 208 2902 1297 2972; baseline 0.005 -20"><span class='ocrx_word' id='word_1_292' title='bbox 208 2903 255 2953; x_wconf 84' lang='lat' dir='ltr'><strong>scd</strong></span> <span class='ocrx_word' id='word_1_293' title='bbox 279 2902 389 2950; x_wconf 79' lang='lat' dir='ltr'><strong>maxime</strong></span> <span class='ocrx_word' id='word_1_294' title='bbox 411 2903 444 2952; x_wconf 92' lang='lat' dir='ltr'><strong>de</strong></span> <span class='ocrx_word' id='word_1_295' title='bbox 466 2903 607 2966; x_wconf 74' lang='lat' dir='ltr'><strong>superiore.</strong></span> <span class='ocrx_word' id='word_1_296' title='bbox 641 2906 735 2954; x_wconf 69' lang='grc' dir='ltr'><strong>ιΙὶίτί-</strong></span> <span class='ocrx_word' id='word_1_297' title='bbox 771 2905 885 2953; x_wconf 74' lang='lat' dir='ltr'><strong>lesere?</strong></span> <span class='ocrx_word' id='word_1_298' title='bbox 902 2920 934 2954; x_wconf 85' lang='lat' dir='ltr'><strong>sn</strong></span> <span class='ocrx_word' id='word_1_299' title='bbox 952 2908 1088 2968; x_wconf 73' lang='lat' dir='ltr'><strong>palaestra?</strong></span> <span class='ocrx_word' id='word_1_300' title='bbox 1114 2909 1165 2957; x_wconf 83' lang='lat' dir='ltr'><strong>Sed</strong></span> <span class='ocrx_word' id='word_1_301' title='bbox 1184 2909 1241 2972; x_wconf 89' lang='lat' dir='ltr'><strong>quls</strong></span> <span class='ocrx_word' id='word_1_302' title='bbox 1258 2909 1297 2957; x_wconf 82' lang='lat' dir='ltr'><strong>ita</strong></span> 
     </span>
     <span class='ocr_line' id='line_1_34' title="bbox 209 2975 1296 3045; baseline 0.006 -20"><span class='ocrx_word' id='word_1_303' title='bbox 209 2975 289 3041; x_wconf 84' lang='lat' dir='ltr'><strong>pers&#39;</strong></span> <span class='ocrx_word' id='word_1_304' title='bbox 303 2976 390 3026; x_wconf 83' lang='lat' dir='ltr'><strong>autem</strong></span> <span class='ocrx_word' id='word_1_305' title='bbox 409 2984 461 3039; x_wconf 86' lang='lat' dir='ltr'><strong>est,</strong></span> <span class='ocrx_word' id='word_1_306' title='bbox 478 2977 621 3028; x_wconf 83' lang='lat' dir='ltr'><strong>dilacerare</strong></span> <span class='ocrx_word' id='word_1_307' title='bbox 636 2991 668 3027; x_wconf 83' lang='lat' dir='ltr'><strong>ae</strong></span> <span class='ocrx_word' id='word_1_308' title='bbox 684 2978 735 3028; x_wconf 55' lang='lat' dir='ltr'><strong>diss</strong></span> <span class='ocrx_word' id='word_1_309' title='bbox 773 2979 864 3027; x_wconf 82' lang='lat' dir='ltr'><strong>Latine</strong></span> <span class='ocrx_word' id='word_1_310' title='bbox 886 2980 1026 3043; x_wconf 83' lang='lat' dir='ltr'><strong>loquatur?</strong></span> <span class='ocrx_word' id='word_1_311' title='bbox 1064 2981 1186 3030; x_wconf 83' lang='lat' dir='ltr'><strong>Heinsius</strong></span> <span class='ocrx_word' id='word_1_312' title='bbox 1208 2983 1296 3045; x_wconf 83' lang='lat' dir='ltr'><strong>itaque</strong></span> 
     </span>
     <span class='ocr_line' id='line_1_35' title="bbox 210 3051 1296 3118; baseline 0.006 -16"><span class='ocrx_word' id='word_1_313' title='bbox 210 3066 328 3116; x_wconf 88' lang='lat' dir='ltr'><strong>oerpero.</strong></span> <span class='ocrx_word' id='word_1_314' title='bbox 343 3051 426 3101; x_wconf 68' lang='lat' dir='ltr'><strong>lanii.</strong></span> <span class='ocrx_word' id='word_1_315' title='bbox 771 3054 903 3105; x_wconf 82' lang='lat' dir='ltr'><strong>concludit</strong></span> <span class='ocrx_word' id='word_1_316' title='bbox 919 3055 1053 3118; x_wconf 83' lang='lat' dir='ltr'><strong>scripsisse</strong></span> <span class='ocrx_word' id='word_1_317' title='bbox 1072 3056 1196 3105; x_wconf 81' lang='lat' dir='ltr'><strong>Poiitsur:</strong></span> <span class='ocrx_word' id='word_1_318' title='bbox 1214 3062 1239 3106; x_wconf 77' lang='lat' dir='ltr'><strong>ci</strong></span> <span class='ocrx_word' id='word_1_319' title='bbox 1255 3059 1296 3109; x_wconf 82' lang='lat' dir='ltr'><strong>dr·</strong></span> 
     </span>
     <span class='ocr_line' id='line_1_36' title="bbox 209 3126 1295 3193; baseline 0.005 -17"><span class='ocrx_word' id='word_1_320' title='bbox 209 3126 321 3177; x_wconf 65' lang='grc' dir='ltr'><strong>ΟΜΝ.</strong></span> <span class='ocrx_word' id='word_1_321' title='bbox 351 3128 520 3192; x_wconf 69' lang='grc' dir='ltr'><strong>εὐχαριπική.</strong></span> <span class='ocrx_word' id='word_1_322' title='bbox 562 3131 687 3181; x_wconf 77' lang='lat' dir='ltr'><strong>lluarrrus</strong></span> <span class='ocrx_word' id='word_1_323' title='bbox 704 3146 734 3182; x_wconf 81' lang='lat' dir='ltr'><strong>ru</strong></span> <span class='ocrx_word' id='word_1_324' title='bbox 771 3132 1081 3193; x_wconf 74' lang='lat' dir='ltr'><strong>corcis-merepulaestroe.</strong></span> <span class='ocrx_word' id='word_1_325' title='bbox 1104 3133 1295 3181; x_wconf 77' lang='lat' dir='ltr'><strong>Hunurrlecsroe</strong></span> 
     </span>
     <span class='ocr_line' id='line_1_37' title="bbox 211 3202 1295 3270; baseline 0.002 -14"><span class='ocrx_word' id='word_1_326' title='bbox 211 3202 427 3258; x_wconf 71' lang='lat' dir='ltr'><strong>·&#39;Mancuururr.</strong></span> <span class='ocrx_word' id='word_1_327' title='bbox 459 3209 544 3260; x_wconf 81' lang='lat' dir='ltr'><strong>Quem</strong></span> <span class='ocrx_word' id='word_1_328' title='bbox 560 3208 649 3257; x_wconf 86' lang='lat' dir='ltr'><strong>laudat</strong></span> <span class='ocrx_word' id='word_1_329' title='bbox 665 3223 680 3256; x_wconf 91' lang='lat' dir='ltr'><strong>a</strong></span> <span class='ocrx_word' id='word_1_330' title='bbox 697 3207 733 3258; x_wconf 75' lang='lat' dir='ltr'><strong>fa·</strong></span> <span class='ocrx_word' id='word_1_331' title='bbox 770 3209 897 3270; x_wconf 82' lang='lat' dir='ltr'><strong>pnloestroe,</strong></span> <span class='ocrx_word' id='word_1_332' title='bbox 913 3215 954 3256; x_wconf 89' lang='lat' dir='ltr'><strong>est</strong></span> <span class='ocrx_word' id='word_1_333' title='bbox 973 3207 1055 3255; x_wconf 89' lang='lat' dir='ltr'><strong>oleum</strong></span> <span class='ocrx_word' id='word_1_334' title='bbox 1075 3222 1125 3270; x_wconf 86' lang='lat' dir='ltr'><strong>qrro</strong></span> <span class='ocrx_word' id='word_1_335' title='bbox 1144 3207 1295 3270; x_wconf 71' lang='lat' dir='ltr'><strong>palteatrltn</strong></span> 
     </span>
     <span class='ocr_line' id='line_1_38' title="bbox 240 3279 1297 3348; baseline -0.005 -14"><span class='ocrx_word' id='word_1_336' title='bbox 240 3283 344 3348; x_wconf 85' lang='lat' dir='ltr'><strong>crrndia,</strong></span> <span class='ocrx_word' id='word_1_337' title='bbox 362 3298 377 3332; x_wconf 86' lang='lat' dir='ltr'><strong>a</strong></span> <span class='ocrx_word' id='word_1_338' title='bbox 396 3284 554 3347; x_wconf 84' lang='lat' dir='ltr'><strong>parentibus,</strong></span> <span class='ocrx_word' id='word_1_339' title='bbox 571 3297 587 3332; x_wconf 84' lang='lat' dir='ltr'><strong>a</strong></span> <span class='ocrx_word' id='word_1_340' title='bbox 606 3284 734 3346; x_wconf 64' lang='lat' dir='ltr'><strong>palaestra</strong></span> <span class='ocrx_word' id='word_1_341' title='bbox 773 3290 910 3346; x_wconf 75' lang='lat' dir='ltr'><strong>unguntur.</strong></span> <span class='ocrx_word' id='word_1_342' title='bbox 927 3279 1297 3342; x_wconf 73' lang='lat' dir='ltr'><strong>Polostr01PulaestrsGrteoi</strong></span> 
     </span>
     <span class='ocr_line' id='line_1_39' title="bbox 240 3355 1296 3424; baseline -0.003 -16"><span class='ocrx_word' id='word_1_343' title='bbox 240 3367 268 3409; x_wconf 87' lang='lat' dir='ltr'><strong>et</strong></span> <span class='ocrx_word' id='word_1_344' title='bbox 285 3361 349 3424; x_wconf 80' lang='lat' dir='ltr'><strong>lyrae</strong></span> <span class='ocrx_word' id='word_1_345' title='bbox 366 3361 523 3421; x_wconf 80' lang='lat' dir='ltr'><strong>inventione,</strong></span> <span class='ocrx_word' id='word_1_346' title='bbox 543 3374 558 3406; x_wconf 93' lang='lat' dir='ltr'><strong>a</strong></span> <span class='ocrx_word' id='word_1_347' title='bbox 579 3359 690 3408; x_wconf 77' lang='lat' dir='ltr'><strong>marinis</strong></span> <span class='ocrx_word' id='word_1_348' title='bbox 708 3361 735 3408; x_wconf 86' lang='lat' dir='ltr'><strong>irs</strong></span> <span class='ocrx_word' id='word_1_349' title='bbox 772 3358 959 3407; x_wconf 84' lang='lat' dir='ltr'><strong>exercebantur</strong></span> <span class='ocrx_word' id='word_1_350' title='bbox 979 3357 1012 3404; x_wconf 90' lang='lat' dir='ltr'><strong>ad</strong></span> <span class='ocrx_word' id='word_1_351' title='bbox 1039 3355 1161 3406; x_wconf 86' lang='lat' dir='ltr'><strong>tuendam</strong></span> <span class='ocrx_word' id='word_1_352' title='bbox 1183 3356 1296 3419; x_wconf 85' lang='lat' dir='ltr'><strong>corporis</strong></span> 
     </span>
     <span class='ocr_line' id='line_1_40' title="bbox 240 3433 952 3500; baseline -0.001 -16"><span class='ocrx_word' id='word_1_353' title='bbox 240 3436 351 3487; x_wconf 79' lang='lat' dir='ltr'><strong>furando</strong></span> <span class='ocrx_word' id='word_1_354' title='bbox 368 3437 521 3497; x_wconf 84' lang='lat' dir='ltr'><strong>calliditate,</strong></span> <span class='ocrx_word' id='word_1_355' title='bbox 543 3443 623 3500; x_wconf 86' lang='lat' dir='ltr'><strong>atque</strong></span> <span class='ocrx_word' id='word_1_356' title='bbox 642 3437 675 3486; x_wconf 79' lang='lat' dir='ltr'><strong>sb</strong></span> <span class='ocrx_word' id='word_1_357' title='bbox 694 3437 735 3495; x_wconf 86' lang='lat' dir='ltr'><strong>lis,</strong></span> <span class='ocrx_word' id='word_1_358' title='bbox 771 3433 952 3497; x_wconf 68' lang='lat' dir='ltr'><strong>ualetudinem.</strong></span> 
     </span>
    </p>

    <p class='ocr_par' dir='ltr' id='par_1_6' title="bbox 240 3508 1295 3577">
     <span class='ocr_line' id='line_1_41' title="bbox 240 3508 1295 3577; baseline -0.004 -16"><span class='ocrx_word' id='word_1_359' title='bbox 240 3510 469 3577; x_wconf 75' lang='lat' dir='ltr'><strong>quibuslungitnr,</strong></span> <span class='ocrx_word' id='word_1_360' title='bbox 482 3511 638 3560; x_wconf 84' lang='lat' dir='ltr'><strong>muneribus.</strong></span> <span class='ocrx_word' id='word_1_361' title='bbox 804 3508 1070 3574; x_wconf 63' lang='lat' dir='ltr'><strong>arremarensem]</strong></span> <span class='ocrx_word' id='word_1_362' title='bbox 1098 3509 1170 3558; x_wconf 80' lang='lat' dir='ltr'><strong>Bene</strong></span> <span class='ocrx_word' id='word_1_363' title='bbox 1180 3508 1295 3557; x_wconf 84' lang='lat' dir='ltr'><strong>Deorum</strong></span> 
     </span>
    </p>

    <p class='ocr_par' dir='ltr' id='par_1_7' title="bbox 207 3582 1296 3874">
     <span class='ocr_line' id='line_1_42' title="bbox 243 3582 1295 3650; baseline -0.001 -16"><span class='ocrx_word' id='word_1_364' title='bbox 243 3592 255 3634; x_wconf 87' lang='lat' dir='ltr'><strong>l</strong></span> <span class='ocrx_word' id='word_1_365' title='bbox 268 3582 387 3650; x_wconf 74' lang='lat' dir='ltr'><strong>Facundo,</strong></span> <span class='ocrx_word' id='word_1_366' title='bbox 397 3584 479 3648; x_wconf 79' lang='lat' dir='ltr'><strong>nepos]</strong></span> <span class='ocrx_word' id='word_1_367' title='bbox 490 3586 652 3649; x_wconf 69' lang='lat' dir='ltr'><strong>Eloquentia</strong></span> <span class='ocrx_word' id='word_1_368' title='bbox 663 3585 735 3634; x_wconf 86' lang='lat' dir='ltr'><strong>Deus</strong></span> <span class='ocrx_word' id='word_1_369' title='bbox 772 3585 874 3635; x_wconf 87' lang='lat' dir='ltr'><strong>nuntius</strong></span> <span class='ocrx_word' id='word_1_370' title='bbox 886 3584 990 3648; x_wconf 76' lang='lat' dir='ltr'><strong>lingitur</strong></span> <span class='ocrx_word' id='word_1_371' title='bbox 1001 3585 1160 3644; x_wconf 59' lang='lat' dir='ltr'><strong>Mercurium</strong></span> <span class='ocrx_word' id='word_1_372' title='bbox 1171 3599 1228 3634; x_wconf 87' lang='lat' dir='ltr'><strong>nam</strong></span> <span class='ocrx_word' id='word_1_373' title='bbox 1238 3597 1295 3648; x_wconf 79' lang='lat' dir='ltr'><strong>quar</strong></span> 
     </span>
     <span class='ocr_line' id='line_1_43' title="bbox 208 3659 1296 3724; baseline -0.002 -12"><span class='ocrx_word' id='word_1_374' title='bbox 208 3663 236 3712; x_wconf 78' lang='lat' dir='ltr'><strong>ei</strong></span> <span class='ocrx_word' id='word_1_375' title='bbox 244 3663 365 3712; x_wconf 87' lang='lat' dir='ltr'><strong>orationis</strong></span> <span class='ocrx_word' id='word_1_376' title='bbox 375 3663 501 3710; x_wconf 87' lang='lat' dir='ltr'><strong>inventor.</strong></span> <span class='ocrx_word' id='word_1_377' title='bbox 534 3659 735 3721; x_wconf 70' lang='lat' dir='ltr'><strong>Atlantisfflsis</strong></span> <span class='ocrx_word' id='word_1_378' title='bbox 770 3659 1296 3724; x_wconf 74' lang='lat' dir='ltr'><strong>horninibusmeliorisrittepraeerptstra‘·</strong></span> 
     </span>
     <span class='ocr_line' id='line_1_44' title="bbox 208 3733 1296 3798; baseline -0.004 -10"><span class='ocrx_word' id='word_1_379' title='bbox 208 3733 322 3790; x_wconf 76' lang='lat' dir='ltr'><strong>Atlantis</strong></span> <span class='ocrx_word' id='word_1_380' title='bbox 342 3738 395 3786; x_wconf 89' lang='lat' dir='ltr'><strong>filla</strong></span> <span class='ocrx_word' id='word_1_381' title='bbox 412 3736 571 3785; x_wconf 87' lang='lat' dir='ltr'><strong>Mercurium</strong></span> <span class='ocrx_word' id='word_1_382' title='bbox 588 3736 690 3798; x_wconf 82' lang='lat' dir='ltr'><strong>peperit</strong></span> <span class='ocrx_word' id='word_1_383' title='bbox 702 3751 735 3784; x_wconf 85' lang='lat' dir='ltr'><strong>ex</strong></span> <span class='ocrx_word' id='word_1_384' title='bbox 769 3734 848 3797; x_wconf 87' lang='lat' dir='ltr'><strong>didit,</strong></span> <span class='ocrx_word' id='word_1_385' title='bbox 864 3748 896 3782; x_wconf 84' lang='lat' dir='ltr'><strong>es</strong></span> <span class='ocrx_word' id='word_1_386' title='bbox 912 3734 976 3784; x_wconf 81' lang='lat' dir='ltr'><strong>caelo</strong></span> <span class='ocrx_word' id='word_1_387' title='bbox 993 3735 1120 3791; x_wconf 72' lang='lat' dir='ltr'><strong>attulisse,</strong></span> <span class='ocrx_word' id='word_1_388' title='bbox 1135 3741 1166 3784; x_wconf 81' lang='lat' dir='ltr'><strong>er</strong></span> <span class='ocrx_word' id='word_1_389' title='bbox 1182 3735 1296 3784; x_wconf 79' lang='lat' dir='ltr'><strong>Deorum</strong></span> 
     </span>
     <span class='ocr_line' id='line_1_45' title="bbox 207 3809 1296 3874; baseline -0.006 -9"><span class='ocrx_word' id='word_1_390' title='bbox 207 3814 289 3866; x_wconf 76' lang='lat' dir='ltr'><strong>Jorec</strong></span> <span class='ocrx_word' id='word_1_391' title='bbox 301 3814 408 3864; x_wconf 88' lang='lat' dir='ltr'><strong>undeet</strong></span> <span class='ocrx_word' id='word_1_392' title='bbox 420 3809 597 3860; x_wconf 77' lang='lat' dir='ltr'><strong>‘Atlantides’</strong></span> <span class='ocrx_word' id='word_1_393' title='bbox 608 3811 702 3860; x_wconf 85' lang='lat' dir='ltr'><strong>dictus.</strong></span> <span class='ocrx_word' id='word_1_394' title='bbox 772 3809 953 3858; x_wconf 79' lang='lat' dir='ltr'><strong>immortalium</strong></span> <span class='ocrx_word' id='word_1_395' title='bbox 961 3811 1036 3873; x_wconf 84' lang='lat' dir='ltr'><strong>jussu</strong></span> <span class='ocrx_word' id='word_1_396' title='bbox 1047 3824 1211 3874; x_wconf 69' lang='lat' dir='ltr'><strong>propagasse,</strong></span> <span class='ocrx_word' id='word_1_397' title='bbox 1221 3810 1296 3858; x_wconf 85' lang='lat' dir='ltr'><strong>rneri-</strong></span> 
     </span>
    </p>

    <p class='ocr_par' dir='ltr' id='par_1_8' title="bbox 205 3883 1296 4325">
     <span class='ocr_line' id='line_1_46' title="bbox 241 3883 1295 3948; baseline -0.008 -10"><span class='ocrx_word' id='word_1_398' title='bbox 241 3894 257 3938; x_wconf 78' lang='lat'>2</span> <span class='ocrx_word' id='word_1_399' title='bbox 270 3888 392 3948; x_wconf 80' lang='lat' dir='ltr'><strong>Quiseror</strong></span> <span class='ocrx_word' id='word_1_400' title='bbox 401 3885 488 3948; x_wconf 69' lang='lat' dir='ltr'><strong>cedes]</strong></span> <span class='ocrx_word' id='word_1_401' title='bbox 500 3884 575 3934; x_wconf 84' lang='lat' dir='ltr'><strong>Quod</strong></span> <span class='ocrx_word' id='word_1_402' title='bbox 584 3893 670 3935; x_wconf 87' lang='lat' dir='ltr'><strong>autern</strong></span> <span class='ocrx_word' id='word_1_403' title='bbox 679 3886 734 3948; x_wconf 84' lang='lat' dir='ltr'><strong>Ho-</strong></span> <span class='ocrx_word' id='word_1_404' title='bbox 771 3887 798 3933; x_wconf 85' lang='lat' dir='ltr'><strong>lo</strong></span> <span class='ocrx_word' id='word_1_405' title='bbox 809 3883 972 3932; x_wconf 76' lang='lat' dir='ltr'><strong>credebatur.</strong></span> <span class='ocrx_word' id='word_1_406' title='bbox 1005 3885 1150 3934; x_wconf 84' lang='lat' dir='ltr'><strong>Mercurius</strong></span> <span class='ocrx_word' id='word_1_407' title='bbox 1161 3898 1223 3946; x_wconf 72' lang='lat' dir='ltr'><strong>ergo</strong></span> <span class='ocrx_word' id='word_1_408' title='bbox 1239 3891 1295 3931; x_wconf 88' lang='lat' dir='ltr'><strong>tau·</strong></span> 
     </span>
     <span class='ocr_line' id='line_1_47' title="bbox 205 3957 1295 4031; baseline -0.006 -19"><span class='ocrx_word' id='word_1_409' title='bbox 205 3964 289 4031; x_wconf 71' lang='lat' dir='ltr'><strong>ratius</strong></span> <span class='ocrx_word' id='word_1_410' title='bbox 306 3967 385 4012; x_wconf 71' lang='lat' dir='ltr'><strong>‘noce</strong></span> <span class='ocrx_word' id='word_1_411' title='bbox 396 3969 423 4010; x_wconf 89' lang='lat' dir='ltr'><strong>et</strong></span> <span class='ocrx_word' id='word_1_412' title='bbox 434 3957 567 4024; x_wconf 73' lang='lat' dir='ltr'><strong>palestrs&#39;</strong></span> <span class='ocrx_word' id='word_1_413' title='bbox 583 3974 651 4011; x_wconf 79' lang='lat' dir='ltr'><strong>eous</strong></span> <span class='ocrx_word' id='word_1_414' title='bbox 664 3961 734 4010; x_wconf 81' lang='lat' dir='ltr'><strong>Mer·</strong></span> <span class='ocrx_word' id='word_1_415' title='bbox 771 3974 847 4024; x_wconf 80' lang='lat' dir='ltr'><strong>quam</strong></span> <span class='ocrx_word' id='word_1_416' title='bbox 859 3959 1061 4022; x_wconf 62' lang='lat' dir='ltr'><strong>&#39;medicurius’</strong></span> <span class='ocrx_word' id='word_1_417' title='bbox 1072 3962 1139 4024; x_wconf 88' lang='lat' dir='ltr'><strong>quod</strong></span> <span class='ocrx_word' id='word_1_418' title='bbox 1151 3971 1234 4008; x_wconf 88' lang='lat' dir='ltr'><strong>serrno</strong></span> <span class='ocrx_word' id='word_1_419' title='bbox 1242 3970 1295 4006; x_wconf 85' lang='lat' dir='ltr'><strong>rue·</strong></span> 
     </span>
     <span class='ocr_line' id='line_1_48' title="bbox 208 4032 1296 4103; baseline -0.006 -17"><span class='ocrx_word' id='word_1_420' title='bbox 208 4039 280 4087; x_wconf 88' lang='lat' dir='ltr'><strong>onrio</strong></span> <span class='ocrx_word' id='word_1_421' title='bbox 297 4039 425 4102; x_wconf 85' lang='lat' dir='ltr'><strong>expolitos</strong></span> <span class='ocrx_word' id='word_1_422' title='bbox 442 4034 665 4103; x_wconf 84' lang='lat' dir='ltr'><strong>conformatosque</strong></span> <span class='ocrx_word' id='word_1_423' title='bbox 683 4046 734 4087; x_wconf 88' lang='lat' dir='ltr'><strong>tra·</strong></span> <span class='ocrx_word' id='word_1_424' title='bbox 770 4034 828 4085; x_wconf 89' lang='lat' dir='ltr'><strong>dius</strong></span> <span class='ocrx_word' id='word_1_425' title='bbox 840 4035 908 4084; x_wconf 88' lang='lat' dir='ltr'><strong>iuter</strong></span> <span class='ocrx_word' id='word_1_426' title='bbox 918 4036 1030 4086; x_wconf 87' lang='lat' dir='ltr'><strong>lrotnines</strong></span> <span class='ocrx_word' id='word_1_427' title='bbox 1039 4036 1162 4094; x_wconf 84' lang='lat' dir='ltr'><strong>existens,</strong></span> <span class='ocrx_word' id='word_1_428' title='bbox 1171 4047 1216 4081; x_wconf 91' lang='lat' dir='ltr'><strong>eos</strong></span> <span class='ocrx_word' id='word_1_429' title='bbox 1227 4032 1296 4080; x_wconf 89' lang='lat' dir='ltr'><strong>iuter</strong></span> 
     </span>
     <span class='ocr_line' id='line_1_49' title="bbox 207 4105 1294 4180; baseline -0.003 -21"><span class='ocrx_word' id='word_1_430' title='bbox 207 4110 259 4171; x_wconf 82' lang='lat' dir='ltr'><strong>dit,</strong></span> <span class='ocrx_word' id='word_1_431' title='bbox 275 4114 345 4175; x_wconf 86' lang='lat' dir='ltr'><strong>quasi</strong></span> <span class='ocrx_word' id='word_1_432' title='bbox 359 4111 541 4180; x_wconf 83' lang='lat' dir='ltr'><strong>tnncprinsnm</strong></span> <span class='ocrx_word' id='word_1_433' title='bbox 552 4110 667 4161; x_wconf 80' lang='lat' dir='ltr'><strong>homiues</strong></span> <span class='ocrx_word' id='word_1_434' title='bbox 678 4125 733 4160; x_wconf 86' lang='lat' dir='ltr'><strong>esse</strong></span> <span class='ocrx_word' id='word_1_435' title='bbox 768 4121 798 4158; x_wconf 76' lang='lat' dir='ltr'><strong>&#39;se</strong></span> <span class='ocrx_word' id='word_1_436' title='bbox 818 4111 957 4162; x_wconf 83' lang='lat' dir='ltr'><strong>conciliet:</strong></span> <span class='ocrx_word' id='word_1_437' title='bbox 978 4113 1029 4172; x_wconf 86' lang='lat' dir='ltr'><strong>rel,</strong></span> <span class='ocrx_word' id='word_1_438' title='bbox 1047 4125 1062 4159; x_wconf 85' lang='lat' dir='ltr'><strong>s</strong></span> <span class='ocrx_word' id='word_1_439' title='bbox 1082 4111 1091 4139; x_wconf 86' lang='lat'>‘</span> <span class='ocrx_word' id='word_1_440' title='bbox 1101 4105 1245 4168; x_wconf 86' lang='lat' dir='ltr'><strong>mercibus,¹</strong></span> <span class='ocrx_word' id='word_1_441' title='bbox 1264 4114 1294 4156; x_wconf 85' lang='lat' dir='ltr'><strong>ut</strong></span> 
     </span>
     <span class='ocr_line' id='line_1_50' title="bbox 206 4179 1296 4250; baseline -0.001 -19"><span class='ocrx_word' id='word_1_442' title='bbox 206 4179 346 4246; x_wconf 68' lang='lat' dir='ltr'><strong>imperiur,</strong></span> <span class='ocrx_word' id='word_1_443' title='bbox 361 4187 387 4235; x_wconf 86' lang='lat' dir='ltr'><strong>ld</strong></span> <span class='ocrx_word' id='word_1_444' title='bbox 406 4202 421 4236; x_wconf 89' lang='lat' dir='ltr'><strong>e</strong></span> <span class='ocrx_word' id='word_1_445' title='bbox 441 4186 558 4236; x_wconf 88' lang='lat' dir='ltr'><strong>Platonis</strong></span> <span class='ocrx_word' id='word_1_446' title='bbox 576 4186 735 4250; x_wconf 77' lang='lat' dir='ltr'><strong>philosophis</strong></span> <span class='ocrx_word' id='word_1_447' title='bbox 772 4187 863 4236; x_wconf 79' lang='lat' dir='ltr'><strong>Festus</strong></span> <span class='ocrx_word' id='word_1_448' title='bbox 886 4187 956 4249; x_wconf 76' lang='lat' dir='ltr'><strong>eult5</strong></span> <span class='ocrx_word' id='word_1_449' title='bbox 973 4185 1089 4235; x_wconf 87' lang='lat' dir='ltr'><strong>omnibus</strong></span> <span class='ocrx_word' id='word_1_450' title='bbox 1100 4182 1167 4230; x_wconf 87' lang='lat' dir='ltr'><strong>euim</strong></span> <span class='ocrx_word' id='word_1_451' title='bbox 1179 4180 1296 4243; x_wconf 71' lang='lat' dir='ltr'><strong>negotia·-</strong></span> 
     </span>
     <span class='ocr_line' id='line_1_51' title="bbox 208 4254 1294 4325; baseline -0.001 -19"><span class='ocrx_word' id='word_1_452' title='bbox 208 4256 442 4324; x_wconf 84' lang='lat' dir='ltr'><strong>petitumridetur.</strong></span> <span class='ocrx_word' id='word_1_453' title='bbox 477 4258 526 4310; x_wconf 85' lang='lat' dir='ltr'><strong>llle</strong></span> <span class='ocrx_word' id='word_1_454' title='bbox 545 4262 612 4311; x_wconf 88' lang='lat' dir='ltr'><strong>enlm</strong></span> <span class='ocrx_word' id='word_1_455' title='bbox 629 4262 733 4313; x_wconf 72' lang='lat' dir='ltr'><strong>musicae</strong></span> <span class='ocrx_word' id='word_1_456' title='bbox 770 4260 884 4312; x_wconf 86' lang='lat' dir='ltr'><strong>tionibus</strong></span> <span class='ocrx_word' id='word_1_457' title='bbox 903 4266 1007 4325; x_wconf 69' lang='lat' dir='ltr'><strong>preest.</strong></span> <span class='ocrx_word' id='word_1_458' title='bbox 1029 4260 1136 4308; x_wconf 69' lang='lat' dir='ltr'><strong>Torreat.</strong></span> <span class='ocrx_word' id='word_1_459' title='bbox 1176 4254 1294 4320; x_wconf 73' lang='lat' dir='ltr'><strong>uem]</strong></span> 
     </span>
    </p>
   </div>
   <div class='ocr_carea' id='block_1_3' title="bbox 0 0 1521 5048">
    <p class='ocr_par' dir='ltr' id='par_1_9' title="bbox 0 0 1521 5048">
     <span class='ocr_line' id='line_1_52' title="bbox 0 0 1521 5048; baseline 0 0"><span class='ocrx_word' id='word_1_460' title='bbox 0 0 1521 5048; x_wconf 95' lang='lat' dir='ltr'><strong> </strong></span> 
     </span>
    </p>
   </div>
  </div>
 </body>
</html>
