3030 5048
283 430 369 496 1384
634 440 740 489 uorat
765 439 962 489 vaarorruu
988 439 1027 486 ιιι

284 585 390 636 Gratiae
407 589 434 630 et
448 583 558 645 juvenca
576 587 604 630 et
622 580 734 643 virginea
751 593 808 628 erae
844 577 994 627 mortalibus
1005 573 1187 624 offerebantur.
1206 574 1315 621 Torreat.

284 657 382 721 ferunt,
397 672 427 706 ac
441 656 525 705 aohtia
542 655 614 709 acaia,
634 656 675 702 rel
691 654 725 703 ob
742 668 809 713 eam,
877 648 1369 713 copmmruinae10mninocousen·

284 733 386 795 quaein
405 730 561 780 nubentibus
573 729 721 792 requiritur,
737 729 809 775 obae-
846 725 972 775 tieutibur
994 739 1040 773 aex
1060 723 1133 772 libria
1151 723 1215 770 illua.
1234 723 1371 784 legendum

284 807 336 870 quii
347 807 490 869 conjugalia
501 804 662 862 facilitatem,
678 817 729 865 qua
745 815 809 848 aona
846 815 948 862 causeo,
967 800 1060 861 Opimoe
1068 798 1188 846 Sardinia
1197 803 1288 858 aegetea
1301 796 1371 856 sero·

284 880 392 929 aolritur
412 879 543 941 virginea:
572 879 613 927 rel
636 879 695 941 quia
716 883 810 924 natura
845 889 890 923 cea.
913 872 1375 936 Segeaenimlricproagroipaoau·

285 952 399 1002 munifici
410 953 527 1002 omuibua
545 959 643 1016 pateat,
662 966 692 1001 ac
707 950 810 999 minime
848 949 934 997 ruitur.
975 948 1085 996 Fertur:
1106 946 1205 1009 ‘Segea
1226 946 1323 995 dicitur
1344 959 1375 993 ea

286 1029 351 1078 tactl
362 1029 403 1077 vel
415 1026 571 1076 fraudulenti
582 1033 650 1076 aunt.
666 1026 754 1076 Quare
764 1037 810 1071 uu·
847 1038 906 1087 paru
918 1023 982 1086 agri,
999 1036 1057 1084 quae
1068 1028 1140 1069 arata
1151 1029 1179 1069 et
1190 1021 1289 1070 consita
1301 1027 1349 1083 eat,
1359 1033 1375 1068 a

287 1101 327 1152 dre
338 1115 438 1166 quoque
448 1107 494 1150 aut
506 1107 578 1149 reate
594 1107 665 1148 certe
682 1097 811 1162 pellucida
848 1097 957 1146 aerecdo
975 1094 1065 1144 dicta!
1098 1094 1171 1157 virg·
1189 1094 1265 1143 ‘Nec
1285 1093 1373 1142 Cereri

286 1176 387 1226 Gratim
406 1175 478 1224 uobia
498 1179 684 1237 proponuntur.
706 1172 813 1221 Torreat.
847 1168 1134 1234 oportuuaaegea,'&c.
1153 1169 1263 1217 lurreat.

289 1250 389 1299 lumel.
401 1262 431 1297 ιι.
443 1251 483 1297 la.
518 1245 624 1307 Gratia]
639 1246 812 1307 Gratia,trea
880 1245 1044 1306 ascutula]
1072 1243 1196 1292 Horatiua
1218 1256 1268 1290 nuo
1288 1242 1373 1304 poacit

286 1329 346 1370 aunt
358 1321 478 1383 virginea,
488 1319 597 1368 Veneria
614 1319 738 1377 comitem
755 1332 813 1382 quae
850 1333 926 1382 agros
938 1318 1037 1368 fertilea
1050 1318 1149 1381 pinguia
1164 1316 1300 1371 Sardiniae.
1317 1330 1375 1379 quro
1403 1363 1405 1366 .

287 1393 523 1458 pingunturaolutia
537 1407 568 1440 ac
587 1391 724 1454 perlucidis
735 1393 813 1440 verti·
849 1394 934 1442 iuaula
944 1401 986 1443 eat
1003 1395 1027 1441 iu
1044 1393 1108 1441 mari
1122 1392 1253 1453 Tyrrheno
1264 1405 1280 1437 a
1291 1389 1374 1437 Sardo

287 1469 344 1531 buo,
352 1470 412 1532 quia
420 1469 558 1517 amicorum
570 1466 648 1515 animi
659 1466 736 1515 aoluti
747 1466 815 1515 iuter
852 1468 1032 1518 Herculirtilio
1044 1469 1081 1517 alc
1092 1467 1232 1516 nominata.
1249 1464 1316 1512 Vide
1329 1464 1376 1512 So·

289 1560 317 1594 ae
328 1553 356 1594 et
367 1546 453 1607 aperti
471 1557 528 1592 eaae
546 1541 653 1590 debent.
687 1540 815 1604 Nymploe]
853 1543 897 1591 liu.
908 1557 967 1605 cap.
980 1547 1020 1591 1⁰.

288 1620 464 1682 Nympharum
478 1618 549 1666 varia
559 1624 619 1665 runt
630 1631 723 1678 genera
733 1632 740 1663 ι
752 1616 816 1665 Nai-
885 1624 900 1667 ll
919 1618 1047 1680 AEataoaae]
1069 1615 1196 1665 Calabria
1208 1613 1274 1663 Solia
1284 1612 1377 1662 ardore

288 1694 359 1754 adea,
368 1691 635 1755 Orcader‚l)ryadea,
642 1694 690 1741 &c
707 1691 816 1754 [Gratia
854 1693 969 1754 torridae,
981 1707 1037 1757 qua
1050 1698 1089 1741 eat
1105 1706 1149 1740 ora
1167 1690 1251 1739 ltaliae
1262 1689 1377 1751 proxima

288 1771 357 1819 nodia
366 1768 540 1818 Sclroenboru.
553 1766 592 1829 λ]
852 1767 958 1829 Sicilie,
968 1767 1036 1816 omni
1050 1767 1175 1814 bonorum
1187 1777 1280 1827 genere
1291 1763 1379 1826 plena,

321 1849 336 1893 7
355 1842 536 1904 Purameoaaia]
553 1842 817 1893 Jureutaaaereraet
854 1856 978 1905 equorum
992 1842 1145 1904 prasertim.

290 1919 372 1967 triatia
384 1919 438 1966 aine
451 1926 488 1976 te,
503 1918 527 1966 id
543 1925 592 1976 eat,
611 1917 666 1966 aiue
678 1917 753 1966 rebua
763 1919 817 1966 Ve·
884 1921 901 1965 6
918 1916 1038 1979 Indicam]
1054 1916 1179 1977 Virgilius
1190 1929 1201 1961 a
1214 1911 1309 1962 ‘ludia
1320 1909 1381 1958 mit·

290 1992 384 2040 nereis.
416 1992 818 2054 Jaonraawtoanymedealo·
856 1993 889 2040 tit
900 1992 974 2049 ebur,
990 1991 1079 2039 mollea
1088 2004 1134 2037 sua
1144 1989 1217 2035 thura
1227 1984 1331 2034 Sabaei!

290 2065 326 2125 ri,
345 2065 381 2111 aie
399 2064 525 2113 luventas
544 2064 599 2111 Diia
611 2066 713 2111 caeteria
725 2066 817 2125 pocula
886 2065 987 2126 quria
996 2064 1085 2124 quieto]
1098 2062 1172 2122 Lyris
1181 2067 1220 2108 eat
1231 2059 1378 2120 Campaniae

291 2138 427 2186 miniatrat.
451 2136 551 2184 Horam
563 2151 664 2198 quoque
675 2151 730 2183 earu
743 2151 815 2184 voca·
853 2137 1030 2194 devindemia,
1042 2143 1069 2183 et
1079 2135 1156 2181 altua.

291 2212 354 2261 baut
376 2217 492 2258 reterea:
519 2215 546 2256 et
567 2217 595 2256 ut
617 2209 709 2256 Heben
728 2210 816 2259 Graeci
886 2209 1026 2270 SMordet]
1054 2208 1145 2268 alluit,
1167 2207 1207 2254 rel
1231 2205 1328 2266 lambit,
1351 2213 1380 2254 ut

292 2284 409 2344 Herculi,
424 2284 461 2332 ita
477 2282 574 2331 Horam
591 2283 697 2331 Romani
708 2285 816 2334 Quirino
854 2301 931 2349 aupra
943 2284 996 2334 Od.
1008 2288 1048 2333 22.

292 2374 337 2408 auo
356 2372 461 2407 uxorem
476 2358 581 2406 dedere.
614 2358 742 2406 Venerem
755 2373 817 2422 ergo
886 2355 1044 2418 lll’remuut]
1071 2355 1180 2404 Calceot
1207 2355 1232 2402 in
1259 2354 1381 2403 torculari

291 2434 418 2485 Jureutaa
429 2434 577 2491 comitatur,
591 2433 650 2497 quia
662 2441 769 2497 utraque
781 2436 817 2482 al·
855 2448 918 2482 urae
937 2432 1061 2481 abaciacus
1079 2431 1183 2479 cultello
1199 2430 1280 2477 inatar
1299 2427 1382 2489 falcis,

293 2509 343 2557 teri
355 2509 473 2557 decorem
485 2508 615 2557 conciliat.
642 2507 819 2571 Atillajure·
856 2524 914 2572 quae
927 2503 1382 2566 Caleuadicituracalibuaoppido

292 2585 351 2633 uilla
362 2586 445 2635 aetatia
457 2584 579 2633 alacriter
597 2598 627 2632 ac
643 2585 726 2645 gratia
737 2585 819 2633 omnia
856 2583 882 2630 iu
894 2596 955 2644 agro
966 2581 1071 2642 Sabino,
1080 2579 1123 2627 ubi
1131 2579 1228 2642 optima
1236 2586 1380 2627 nascuntur

294 2661 422 2707 alienare
434 2658 561 2721 proficisci
574 2657 698 2707 creditur.
712 2658 819 2708 Torreat.
859 2658 926 2706 uiua.

293 2733 422 2794 Jaceatoa]
438 2733 564 2782 luventas
576 2734 642 2790 Dea,
651 2733 725 2782 Joria
735 2743 763 2783 et
773 2736 819 2785 Ju-
891 2737 921 2781 10
938 2732 1025 2795 Dicea]
1041 2730 1114 2779 Ordo
1125 2736 1177 2778 est:
1188 2731 1223 2778 Et
1234 2729 1305 2777 direa
1315 2742 1383 2778 ruer-

294 2808 367 2854 ucoia
387 2806 449 2863 filia,
478 2819 554 2865 quam
576 2805 660 2851 Graeci
689 2808 821 2868 appellant
858 2805 1383 2868 catorclraruaDiiaipaia,quippeteraut

290 2879 379 2936 Ἥβην,
391 2877 416 2924 id
429 2885 477 2929 eat,
491 2877 645 2937 pubertatem.
858 2887 946 2941 quater
966 2893 1032 2926 auno
1051 2880 1154 2939 iruprrue
1166 2881 1279 2928 reriaeua
1290 2878 1382 2927 Atlau·

327 2950 544 3013 sMncariaaqae]
560 2950 670 3000 Maritum
681 2952 749 3000 valet
762 2953 821 3000 Elo·
860 2953 939 3000 ticum
951 2965 1030 3011 mare,
1040 2953 1155 3000 exsiccet
1167 2954 1225 3000 vina
1237 2954 1320 3001 aurei·
1330 2955 1383 3002 cul·

295 3027 399 3090 quentia
412 3026 443 3074 ad
456 3039 567 3074 amorem
578 3025 774 3076 conciliandum.
859 3026 916 3074 iulia
926 3034 1044 3087 reparata
1056 3040 1153 3074 merce.

296 3102 359 3152 oon
383 3113 462 3149 xxxr.
489 3099 599 3157 aimei.
641 3100 684 3149 Ao
708 3101 822 3150 Arouar-
895 3105 921 3148 ιι
942 3099 1064 3160 Επιίοσει]
1087 3100 1384 3165 Bibatiupoculiavirra

329 3188 397 3224 aaa.
430 3175 488 3224 Nou
500 3174 603 3224 diuitias
621 3176 688 3237 petit
699 3176 731 3225 ab
743 3176 821 3240 Apol·
859 3187 957 3240 empta,
976 3178 1017 3226 vel
1033 3185 1178 3240 permutata
1196 3179 1276 3240 Syriis
1293 3180 1384 3227 mercl-

329 3251 388 3303 line,
412 3249 458 3299 aed
480 3250 641 3313 tranquillam
664 3249 822 3315 hilaremque
859 3252 915 3300 lura.
939 3253 1044 3315 Cululio]
1055 3252 1147 3301 Cululli
1157 3253 1261 3314 proprie
1273 3261 1331 3301 aunt
1342 3268 1383 3301 ca·

329 3326 417 3381 vitam,
434 3333 461 3374 et
479 3332 507 3373 ut
525 3326 558 3374 ait
574 3338 645 3372 mena
656 3339 718 3373 aaoa
730 3326 755 3373 iu
767 3340 822 3376 cor·
859 3329 922 3377 licea
934 3327 1036 3388 fictiles,
1044 3328 1137 3392 quibua
1146 3327 1296 3386 Pontifices,
1307 3327 1386 3388 virgi·

329 3415 475 3462 pureaauo.
860 3416 954 3464 raraque
966 3401 1084 3450 Vestaiea
1096 3401 1243 3451 utebantur.
1277 3401 1384 3450 Proca·

331 3481 344 3525 1
366 3474 520 3536 Dedicatam]
547 3474 703 3538 Apollinem,
730 3475 823 3525 diriuia
860 3476 897 3524 aia
907 3476 1015 3539 potoriis
1031 3477 1111 3525 utitur
1122 3485 1149 3525 et
1162 3477 1284 3524 Horatiae
1297 3477 1328 3524 ad
1341 3477 1385 3526 Pi·

298 3550 436 3600 honoribua
447 3548 631 3610 affectum‚crri
648 3550 780 3612 Augurtua
797 3553 822 3600 in
860 3565 950 3599 aouea:
968 3551 976 3578 ⁴
990 3550 1075 3612 Reges
1092 3550 1215 3599 dicuutur
1232 3552 1330 3612 magula
1344 3566 1385 3599 ur·

298 3627 404 3673 Palatio·
416 3625 540 3685 templum
553 3624 727 3674 dedicauerat.
861 3637 922 3686 gere
942 3623 1061 3686 eululliu,’
1078 3627 1126 3673 dre.
1158 3625 1270 3673 Turueb.
1288 3638 1326 3673 rx.
1345 3629 1386 3674 la.

330 3706 346 3748 9.
361 3699 441 3761 Vatea]
455 3699 578 3747 Horatium
590 3698 623 3747 de
634 3714 663 3748 ae
674 3700 785 3763 loquitur
796 3700 822 3748 iu
861 3700 1039 3749 diminutivum
1058 3714 1073 3747 a
1086 3700 1167 3748 culeia
1179 3714 1235 3748 erae
1247 3701 1310 3749 ruit.
1330 3701 1386 3748 Tor·

298 3777 378 3824 tertia
391 3789 509 3838 perrona.
535 3773 573 3821 De
582 3774 677 3837 uteru]
689 3774 731 3823 De
743 3774 823 3824 calice
860 3780 921 3824 nat.

297 3850 406 3899 fundent
418 3850 469 3898 vini
481 3850 616 3912 primitiae,
625 3848 823 3899 aacridcautium
895 3855 926 3899 1²
936 3849 999 3913 Syru
1009 3849 1096 3912 merce]
1105 3849 1238 3914 Siquidem
1247 3852 1319 3914 Syria
1330 3863 1385 3897 uar-

299 3939 379 3973 more.
400 3926 492 3972 Noctua
499 3921 623 3984 liquorem]
634 3915 823 3988 aneuamquo
862 3925 922 3974 dum
934 3940 964 3974 ac
971 3925 1120 3984 balsamum,
1128 3926 1259 3988 multaque
1267 3926 1316 3972 alia
1325 3922 1385 3970 odo·

299 3998 822 4060 VirgAEclog.v.⁴Viuauorumsuudam
862 3999 931 4049 ribus
953 4008 981 4049 et
1003 4000 1141 4060 unguentis
1169 4006 1229 4061 apta
1255 3997 1385 4054 mittebat,

299 4073 407 4120 calathi·
420 4072 521 4120 Ariusia
533 4070 639 4120 nectar-⁹
666 4072 767 4122 Novum
779 4090 823 4123 au·
861 4076 953 4138 quibua
962 4076 1019 4123 uiua
1028 4075 1168 4135 permutari
1176 4074 1256 4121 colere
1263 4071 1386 4133 calendit,

301 4150 352 4190 tem
365 4145 491 4194 vocabant
502 4146 621 4216 quicquid
634 4146 766 4208 pulchrum
779 4149 823 4198 ad·
860 4151 937 4197 etiam
959 4162 997 4196 ιι.
1016 4152 1055 4196 12.
1090 4148 1209 4207 Repuruta
1225 4152 1310 4191 autem
1321 4143 1385 4206 Syra

300 4217 495 4281 mirandumque
506 4228 583 4271 earet.
609 4220 702 4272 Qualia
713 4220 768 4272 Diis
777 4224 822 4273 im·
859 4240 933 4275 meree
945 4232 1021 4275 vocat
1030 4226 1151 4286 oinqrmu
1159 4220 1226 4285 quod
1234 4228 1323 4284 empta
1331 4223 1382 4273 aiut
