3022 5062
371 432 531 481 nostru
555 431 768 481 suessonum
795 431 866 479 urs.
891 431 914 478 1.
936 416 970 479 2.
1123 412 1209 481 tout

118 569 312 635 unguentarios,
334 571 497 631 venenarios,
515 576 646 632 unctores,
683 569 842 632 magnificus,
860 571 899 618 bis
920 569 1034 620 liberalis
1055 569 1125 619 riam
1143 569 1211 632 luite

117 647 314 711 pigmentarios,
332 646 509 709 tincturasque
525 645 587 694 licet
603 659 646 694 an·
684 651 771 710 reipsa
793 663 855 697 sero
878 648 1000 699 decoctor
1026 653 1054 696 et
1081 648 1213 711 prodigus,

119 733 259 770 numeres:
287 721 375 769 Minuia
396 720 487 775 ludios.
509 721 648 782 choraulas,
685 724 880 787 necquicquam
895 724 976 771 minus
992 736 1068 786 quam
1084 722 1212 786 benignus

121 795 515 858 01¹h⁸loe⁶⁰⁸slib505⁸⁶⁸‚¹lq⁰⁰
530 795 648 857 idaeum
685 815 718 849 ea
734 800 949 863 Philosophorum
967 797 1126 847 definitione.
1150 798 1214 847 Gel-

122 876 233 919 ceteros.
274 870 311 918 At
333 869 500 918 ‘Mendicos'
522 870 649 932 appellari
686 873 853 923 linearium
871 875 981 922 Terreni.
1014 871 1139 930 Βοκίςιιιι
1148 871 1213 932 not]

121 945 240 992 existimo
258 944 355 993 Isiacos
373 958 403 993 ac
420 945 650 1008 Gallos,sacerdu·
687 949 854 998 Perliberalis
872 958 935 998 erat.
968 948 1030 1010 llic]
1057 947 1131 995 Alius
1148 946 1215 995 scili·

122 1026 163 1068 tea
175 1018 294 1080 Cybeles,
304 1020 399 1082 stipem
408 1020 532 1084 colligere
544 1023 650 1080 solitos;
688 1032 731 1074 cet
742 1039 834 1073 avarus
844 1032 961 1073 metuens
973 1038 1015 1081 ue,
1025 1025 1075 1070 lec.

124 1091 192 1156 qrtod
204 1094 326 1156 astrologi
345 1108 456 1158 quoque,
466 1104 494 1144 et
509 1110 573 1159 quos
592 1110 650 1158 per·
719 1104 736 1148 6
752 1100 888 1164 Depeilere]
912 1100 1047 1161 Prepelleue
1060 1096 1157 1146 babent
1167 1109 1216 1146 nec

123 1180 212 1230 peram
228 1169 423 1219 mathematicos
437 1167 653 1232 dixere,sactita·
689 1177 823 1237 pauciores
843 1190 891 1224 nec
914 1175 1058 1224 deteriores
1079 1173 1142 1223 libb.
1164 1172 1217 1222 Me.

124 1242 195 1303 bunt,
208 1258 237 1293 ac
249 1245 354 1292 vaticini
366 1259 464 1295 omnes.
487 1247 608 1295 Ceterum
618 1245 651 1294 ed
691 1250 758 1300 ibn.

126 1317 277 1368 Balatrones
299 1319 366 1384 quod
395 1320 499 1380 attinet,
521 1335 571 1369 non
600 1329 652 1369 tarn
722 1325 1019 1389 lHuneeipereoaterir]
1041 1324 1217 1380 strumosu-

124 1401 196 1441 certa
207 1394 262 1456 ejus
274 1394 393 1444 vocabuli
410 1397 475 1444 ratio
491 1404 540 1444 est.
572 1395 652 1457 Putas
691 1414 723 1462 pe
735 1400 881 1463 prodigum.
1179 1442 1182 1448 .
1201 1385 1205 1392 ’

125 1467 171 1517 rim
184 1476 270 1528 tanuen
282 1485 384 1518 scurrus
395 1471 526 1533 precipue
538 1484 568 1519 ac
580 1485 654 1533 para·
723 1479 739 1523 8
759 1475 907 1524 Prurlurnra
924 1476 1033 1539 ingrato]
1057 1475 1218 1526 Praeclarum

124 1542 186 1591 sitos
202 1558 234 1590 eo
249 1545 386 1602 contineri,
404 1544 500 1608 qnippe
520 1546 654 1594 vilissimos
692 1547 875 1612 patrimonium
895 1565 910 1598 a
928 1550 1067 1612 majoribus
1086 1550 1133 1598 sibi
1145 1550 1220 1597 relic·

125 1618 250 1676 homines,
267 1622 310 1681 qui
324 1621 421 1669 neutris
436 1626 528 1669 canam
540 1622 656 1685 quantula
694 1631 757 1672 turn.
791 1622 913 1684 Siriagut]
929 1624 959 1673 ln
975 1637 1025 1671 unu
1043 1629 1122 1686 atque
1137 1622 1220 1670 altero

126 1695 203 1745 etism
219 1695 401 1742 contumeliam
419 1709 470 1743 nou
490 1696 564 1744 inriti
583 1703 656 1757 pate·
692 1699 751 1749 coti.
763 1697 867 1758 frunger
883 1697 1006 1761 scriptum
1024 1697 1138 1760 repperi,
1150 1703 1178 1744 ut
1188 1707 1220 1743 rt.

127 1777 226 1817 rentur.
259 1769 311 1818 Alii
329 1771 404 1818 nnius
419 1770 500 1820 literae
516 1772 657 1820 minatione
693 1774 749 1823 Sat.
768 1776 793 1821 ³.
816 1772 972 1836 ‘Portqnam
993 1786 1033 1820 res
1052 1785 1110 1820 mea
1128 1770 1221 1821 Jauuar

129 1857 146 1890 a
163 1842 268 1891 Burntro
284 1843 337 1892 dici
355 1845 454 1906 malint,
470 1859 518 1894 nec
537 1847 614 1905 male,
630 1846 657 1892 ni
695 1848 737 1897 Ad
748 1847 860 1897 medinm
869 1845 1021 1896 stactaest!
1055 1845 1222 1894 Niltiltameu

128 1915 219 1977 fallor3
230 1918 270 1965 rel
277 1919 344 1981 quod
354 1919 435 1967 ventri
445 1929 575 1984 tamquam
584 1921 658 1970 bera·
696 1924 820 1972 immutor
844 1924 852 1951 ⁸
862 1923 990 1986 stringere
999 1926 1006 1948 '
1023 1924 1092 1970 enim
1108 1919 1184 1981 dixit,
1194 1928 1225 1968 at

130 1999 172 2042 tro
185 1993 270 2041 omnis
279 1993 387 2051 donent,
400 1996 441 2042 rei
450 1996 517 2058 qaaosl
529 1995 600 2058 digni
608 1997 659 2044 siut
696 2014 755 2048 mos
766 2001 774 2027 ¹
785 2013 836 2047 rem
849 2000 930 2061 patrie
941 1996 1084 2055 oblimare,'
1099 2010 1147 2059 pro
1158 2002 1222 2044 atte-

131 2069 174 2132 qui
188 2069 213 2116 in
228 2069 357 2118 baratrum
376 2070 519 2132 mittantur,
535 2079 563 2120 ut
580 2072 605 2120 iu
623 2073 659 2121 lo·
697 2074 975 2124 reresireattauuarc.
1003 2070 1224 2134 Quoddeepnlo·

130 2143 529 2194 cunraic‹lictumAtlrenisolim
539 2146 659 2207 malefici,
695 2149 771 2198 nibus
783 2156 853 2198 recte
864 2149 967 2198 elicitur.
1002 2148 1060 2196 Nec
1072 2147 1137 2194 male
1147 2143 1224 2194 etiarn

131 2222 177 2264 sut
198 2216 224 2263 in
246 2217 361 2265 latomias
381 2219 523 2280 Syracusis.
543 2220 658 2269 Turnsb.
697 2223 786 2272 Lamb.
807 2226 850 2288 qni
872 2226 943 2274 ‘rem
963 2220 1108 2285 stringere‚'
1130 2235 1177 2283 pro
1198 2220 1224 2269 lu

133 2291 178 2340 lib.
192 2304 232 2342 ιι.
243 2291 350 2341 Torreat.
380 2293 657 2357 Pharnacopolsa10lim
695 2298 883 2365 mersamine
899 2299 976 2363 pilam
995 2304 1040 2347 aut
1058 2297 1165 2360 pilulam
1184 2308 1226 2342 co·

134 2380 217 2414 rerum
237 2366 324 2414 vilium
345 2374 515 2417 ostentatores
532 2376 615 2430 eraut,
630 2376 665 2419 et,
696 2387 757 2434 gere
767 2366 956 2433 interpretatus
976 2380 1025 2427 est,
1047 2369 1116 2435 quud
1138 2368 1225 2418 Graeci

134 2439 431 2504 populorerbedabaut.
447 2441 659 2504 [Quatuorcarld.
696 2447 788 2492 ‹licnut
813 2446 916 2502 σφαῖραν
942 2446 1036 2499 ποιῆσαι
1061 2445 1107 2501 τὴν
1133 2442 1223 2492 obsim·

134 2532 176 2579 ap.
189 2518 275 2577 Feam,
285 2516 371 2578 mori]
475 2507 476 2511 ¹
698 2530 774 2578 quam
788 2514 919 2574 videlicet,
939 2521 969 2562 ut
983 2515 1115 2575 catapotia
1132 2517 1226 2576 agrati

166 2591 346 2651 susurrones]
359 2589 486 2636 Homines
496 2587 622 2635 luxuriosi
633 2592 661 2634 et
699 2587 794 2646 solent,
807 2587 914 2648 gulones
927 2586 963 2633 illi
980 2587 1046 2634 male
1063 2586 1170 2648 perditi,
1181 2586 1225 2636 tle·

135 2665 241 2729 perditi,
252 2660 504 2710 sicdictinSerrilio
512 2661 661 2708 Balatrone.
699 2659 832 2721 glutiendo
852 2673 904 2708 nun
923 2659 1011 2719 edant,
1029 2658 1073 2706 red
1094 2658 1227 2709 devorent.

169 2736 299 2797 nligclli]
324 2734 407 2796 Hujus
425 2734 503 2781 etiam
520 2733 576 2782 Sat.
595 2737 620 2782 ³.
637 2741 664 2781 et
701 2732 1228 2798 cruquiusreroait,quod‘stringere'ait
1300 2787 1304 2792 ,

137 2815 192 2862 Sat
213 2814 254 2858 lu.
275 2825 323 2858 uon
345 2808 481 2858 incelebris
504 2809 534 2858 lit
560 2810 665 2859 mentio.
701 2807 849 2857 cumulatim
862 2808 928 2857 bona
938 2809 1032 2871 omnia,
1043 2810 1114 2873 quasi
1126 2809 1151 2856 in
1160 2823 1227 2858 mas·

138 2885 298 2948 utrumquem
310 2884 343 2933 (le
354 2883 458 2932 nomina
468 2898 518 2933 oon
530 2885 594 2933 satis
604 2899 665 2934 cun·
701 2898 754 2932 asm
774 2883 888 2946 redacta,
904 2885 1013 2933 strictim
1032 2899 1140 2934 rorare:
1158 2884 1227 2948 quot

138 2963 218 3012 uenit.
230 2975 285 3009 nam
302 2967 328 3008 et
342 2959 455 3020 ligilliae
465 2966 492 3008 et
505 2959 619 3021 ligellias
629 2961 665 3009 le·
702 2958 795 3008 Greee
806 2958 856 3008 diei
870 2967 965 3022 potest,
975 2961 1088 3024 δπυᾷι.
1120 2959 1227 3023 ‘Ingra-

140 3038 219 3100 gitur,
234 3043 262 3085 et
278 3035 336 3085 ltine
349 3035 664 3096 ligilliauaetligelliass.
701 3033 768 3083 tam¹
786 3043 872 3083 antem
890 3042 966 3082 vocat
989 3034 1138 3100 ingluviem,
1158 3037 1227 3102 qtrotl

140 3115 227 3165 Quare
238 3120 265 3160 et
277 3112 342 3160 bunc
353 3117 485 3160 cantorem
496 3118 612 3159 nostrum
623 3111 664 3159 'li-
702 3109 839 3174 majoribus
850 3109 943 3167 ingrati
961 3108 1022 3170 siut,
1038 3112 1081 3173 qui
1098 3110 1171 3160 bouis
1187 3113 1227 3176 ip·

139 3189 244 3252 gellium
254 3188 338 3250 potius
348 3187 516 3250 appellemus,
523 3192 551 3235 et
561 3185 665 3249 quidem
701 3199 786 3237 sorum
804 3181 952 3247 frugalitate
970 3184 1060 3246 partis,
1076 3191 1128 3233 tarn
1147 3187 1228 3248 turpi-

140 3264 222 3314 tribus
233 3264 357 3325 insignem
369 3261 529 3311 numinibus:
540 3261 668 3326 siquidem
704 3259 1104 3323 teratiguominioseabutsutur.
1118 3259 1228 3309 Τοπικὰ

141 3349 245 3389 veteres
272 3337 440 3388 Grammatici
464 3337 504 3386 Μ.
529 3336 666 3400 Tigellium
703 3335 815 3396 Striagut
827 3334 912 3397 mnas]
927 3333 1228 3384 Curderuretsineulla

141 3414 330 3476 Hermogenem
342 3421 446 3462 uocant.
468 3411 505 3461 At
516 3411 599 3461 Poiita
609 3426 665 3461 uos·
704 3417 779 3474 grata
788 3411 918 3459 satietate.

143 3497 185 3538 ter
206 3488 283 3536 etlam
306 3488 396 3551 patrie
416 3501 508 3537 nornen
530 3488 669 3550 expressit,
736 3489 758 3534 9·
769 3486 897 3534 conductis
915 3485 1030 3548 ceineas]
1055 3484 1229 3534 Nummisfue·

145 3578 203 3614 cum
216 3564 262 3622 sit,
278 3564 388 3614 ‘Sardus
400 3564 513 3615 babebat
524 3564 573 3614 llle
583 3565 668 3627 ‘l'igel-
703 3561 761 3610 nori
771 3561 895 3623 acceptis,
905 3574 951 3624 pro
962 3560 1053 3624 quibua
1064 3574 1164 3608 merces
1180 3559 1230 3607 sol·

144 3639 194 3687 lius
205 3638 272 3687 boc.'
304 3640 392 3688 Fuisse
407 3647 492 3688 antem
505 3640 593 3688 volunt
604 3638 668 3689 artis
705 3636 781 3686 titur.

146 3712 252 3763 musice
281 3712 473 3776 peritissimum,
497 3705 565 3764 vocis
591 3714 669 3764 stiam
737 3712 1146 3776 toPouiaotts1Nonparvt,rsd
1159 3726 1230 3775 mag·

146 3788 276 3838 enaritate
287 3789 349 3837 mire
367 3788 544 3851 prestantem,
555 3788 669 3839 facetum
706 3787 731 3834 ui
743 3787 829 3836 animi.

147 3871 365 3935 pruteraaatque
376 3865 401 3912 iu
413 3863 672 3926 convictujneuutlis·
741 3866 769 3911 ll
787 3859 885 3924 Abiria]
901 3860 954 3910 Alii
970 3862 1119 3912 laudabunt.
1152 3862 1190 3913 At
1201 3863 1230 3910 il·
1246 3877 1251 3885 ’

148 3941 249 3991 simum.
267 3941 376 3990 Tmen.
410 3938 508 4003 meatu]
525 3939 618 3989 Musici
630 3952 672 4002 pe·
707 3938 749 4000 la'a]
769 3937 818 3987 ant
831 3938 1023 4000 vituperabunt.

148 4015 382 4069 ritisairnietroeia
391 4016 503 4067 eximie.
741 4016 772 4060 ta
787 4012 908 4079 Fufidius]
936 4013 1007 4061 Male
1025 4021 1103 4062 sutea
1118 4011 1232 4062 Μαι

181 4092 338 4153 lBeaigsss
348 4089 412 4152 mot]
439 4090 480 4139 Ea
496 4089 616 4152 opinione
630 4101 672 4138 eo·
708 4087 849 4151 legebatur.
882 4088 949 4137 Nam
964 4087 1073 4152 Frpitlisa
1088 4087 1232 4136 Romanum

150 4182 203 4217 runs
215 4169 305 4233 quibua
313 4166 427 4216 donabat
436 4164 613 4228 Tigelliun,sic
622 4165 673 4214 Po·
710 4171 757 4225 eat,
768 4165 835 4213 sicut
855 4172 883 4213 et
903 4161 1000 4221 Fufius,
1017 4164 1053 4212 nti
1065 4160 1120 4212 iere
1131 4171 1232 4212 veteres

152 4241 196 4291 ”eta
205 4242 335 4308 loquitur:
358 4243 398 4292 luia
413 4241 481 4291 araim
492 4241 625 4303 benignus,
635 4241 673 4290 bis
709 4238 862 4289 membrana
874 4239 998 4300 scribunt,
1007 4239 1047 4287 rel
1056 4239 1175 4296 Fstidisa,
1186 4239 1233 4288 im·
