3022 5062
294 466 380 531 issu
644 475 752 524 nors
776 471 977 522 vanlosusr
1003 472 1043 518 tu

295 639 336 673 nn
354 623 421 671 lnter
436 634 464 669 ss
480 619 506 668 in
524 616 660 683 proscenio
677 617 822 680 loquantur,
862 612 960 676 plisrsl
973 612 1097 665 isthmiis.
1130 615 1227 666 Cursus
1239 623 1391 668 notesceret

267 698 270 704 ¹
295 701 358 748 neec
370 697 494 757 integrent
506 693 634 742 interdurn
646 705 749 739 mensos
764 703 822 752 per·
861 687 1391 754 dnples.sotcurniis‚qnsndocnrrnre-

296 787 358 822 sons
379 771 456 819 unice
477 775 545 832 eget.
568 766 686 814 Nunnius.
718 763 825 814 Alienis
861 762 973 812 bebsttu
990 764 1084 821 victor,
1103 774 1147 815 snt
1166 782 1224 816 curn
1244 783 1313 832 eqno
1327 784 1394 819 nnus

295 839 823 908 summatemsmionlbusmumls.
862 838 1001 898 insidebat,
1029 854 1140 905 sumque
1167 843 1292 904 spirabat,
1316 859 1394 909 quern

296 922 331 969 Et
349 920 483 983 pspslnreis
497 919 633 967 Vincentem
646 916 769 978 strepitur]
787 914 822 962 Α·
862 913 1006 964 ‘celetem'
1017 918 1154 967 vocabant.
1173 921 1291 968 Nunnius.

294 1009 375 1045 oron:
400 994 507 1043 ‘Altius
534 1000 666 1042 sonantem
689 994 715 1040 in
737 1003 842 1062 scens„
894 991 1091 1050 delitiscentem
1102 996 1182 1058 mos]
1200 997 1394 1057 Nsm‚uthso

296 1084 373 1134 quern
395 1071 492 1118 clamor
512 1068 619 1133 populi!
652 1068 710 1126 Vel,
730 1073 759 1114 nt
779 1065 823 1113 slll
863 1067 909 1127 sit,
927 1068 999 1116 ‘Res
1016 1079 1057 1120 est
1074 1072 1176 1121 solliciti
1196 1075 1273 1134 plena
1292 1075 1394 1124 timoris

298 1147 440 1208 explicent,
459 1145 526 1209 qnod
548 1143 672 1207 popuinrn
694 1155 786 1204 resque
809 1155 824 1188 ι
864 1144 952 1192 snror.¹
986 1145 1327 1211 Nsrnqnsrndesuutcurre,
1348 1151 1393 1199 ubi

297 1222 395 1285 populo
418 1227 503 1282 pestus
524 1219 688 1266 commendet
710 1217 824 1264 lembus.
864 1232 913 1267 non
931 1219 1006 1271 deest
1026 1237 1103 1271 sutor.
1121 1223 1203 1271 Nerui.
1237 1224 1326 1286 esras]
1343 1227 1392 1276 Ju-

297 1298 348 1346 ulli
357 1298 571 1356 interpretamur,
579 1294 646 1356 quod
656 1292 824 1355 pesbicstre·
863 1311 955 1344 renium
968 1313 1074 1347 amores.
1100 1301 1131 1347 Et
1142 1299 1215 1347 libers
1224 1299 1277 1347 cino
1289 1299 1391 1361 referre,

297 1372 366 1434 pilus
386 1371 411 1417 iu
431 1370 533 1418 tltestro
556 1369 684 1416 escitstos
708 1374 822 1429 superet.
862 1370 915 1434 ῃ]
930 1374 1070 1436 symposia,
1081 1374 1281 1437 inquibusebrll
1293 1384 1388 1436 opert.

295 1447 477 1496 Turn-xlm).
496 1445 613 1493 Nessiss.
646 1444 679 1490 El
688 1442 822 1504 populures]
864 1448 1098 1498 reclusdunsslbm,

297 1526 384 1575 Altius
399 1531 530 1573 sonantem
549 1524 572 1569 in
588 1534 672 1575 scens,
684 1535 759 1584 qnsrn
771 1520 823 1568 cla·
893 1527 925 1570 llll
937 1522 1077 1584 Descriptus
1087 1537 1181 1572 serente
1191 1524 1264 1589 ones]
1282 1525 1389 1576 Nonum

297 1618 392 1652 ntorern
411 1601 498 1666 populi
517 1600 630 1649 uersibus
647 1597 761 1647 iambicis
778 1596 822 1645 de·
863 1607 1027 1661 praeceptum,
1038 1597 1072 1646 ds
1083 1599 1177 1648 decoro
1187 1601 1350 1651 obsecrando
1363 1604 1390 1650 in

297 1680 398 1728 iecisti,
862 1671 967 1721 dirersis
978 1675 1126 1735 sententiis,
1146 1690 1176 1724 sc
1189 1675 1325 1727 effectibus
1337 1694 1391 1727 ser·

329 1757 362 1801 82
379 1739 663 1814 Nstunrsiusrgendis]
678 1749 824 1798 Habentern
864 1762 937 1797 tuone
949 1755 975 1796 et
988 1758 1064 1811 gestu
1076 1753 1303 1812 repraesentandis.
1331 1753 1391 1802 Hoc

297 1828 468 1891 aptitudinem
496 1829 640 1877 naturalem
668 1825 701 1875 ud
725 1824 825 1874 fabulas
865 1831 1024 1887 prreceptnnt
1044 1825 1156 1874 illustret
1172 1829 1290 1890 exemplo
1307 1841 1390 1876 rerum

297 1901 421 1965 spendes-
865 1900 1027 1949 Conticsrnrn
1039 1909 1066 1951 cl
1074 1903 1250 1965 'l'rsgicernm
1263 1905 1336 1966 eique
1347 1918 1391 1952 ex·

330 1980 361 2024 8⁸
381 1978 451 2024 Meso
461 1977 527 2026 dedit
535 1977 639 2041 fidibus]
656 1975 826 2039 Persequitur
865 1977 951 2038 emplo
971 1976 1044 2026 sddit
1063 1979 1250 2041 exceptionem.
1270 1981 1390 2028 Piscator.

296 2049 484 2111 id‚qnodnnte
501 2051 825 2114 incoeperst,singulissci·
865 2050 1006 2114 Descriptus
1015 2067 1108 2102 serum
1122 2054 1193 2115 sices]
1217 2055 1279 2114 Cur,
1294 2055 1387 2117 iuquit,

296 2124 358 2172 licet
373 2125 487 2171 meteriis
506 2140 552 2172 sus
569 2127 708 2172 carminum
728 2140 825 2187 genere
864 2125 955 2176 Poiitte
967 2128 1026 2176 rniiri
1038 2126 1280 2183 offerlnruomen,si
1292 2126 1387 2187 officis,

295 2199 448 2246 convenire:
466 2198 823 2261 quamqusrulexistn,quarn
865 2202 886 2248 si
904 2202 1012 2256 indoles,
1031 2203 1053 2250 si
1072 2203 1208 2262 quelitstes
1226 2203 1384 2262 singulorum

295 2271 337 2327 bic
353 2272 501 2334 prescribit
519 2272 653 2332 Horatius,
664 2285 713 2319 non
728 2272 823 2335 ubique
866 2277 1011 2339 podnrslurn
1023 2277 1090 2325 tueri
1106 2277 1244 2339 nequeant
1264 2277 1384 2326 Nomius.

296 2345 455 2396 observetur.
481 2346 601 2395 Nunnius.
634 2346 822 2395 Vid.'1'nrneb.
863 2351 1180 2414 Descriptossernsreriess]
1191 2353 1253 2400 Sosi
1262 2353 1386 2415 cujusque

295 2425 348 2470 nt.
358 2427 386 2469 et
398 2434 469 2470 xxx.
481 2425 506 2470 7.
542 2422 641 2470 Fidibus
650 2419 823 2481 diooaJVcrri·
865 2427 990 2488 pobmstls
1005 2435 1214 2490 psrtessernre.
1243 2428 1389 2491 Opernsrqne

297 2496 344 2545 bns
368 2497 463 2559 lyricis.
499 2497 585 2560 Divos]
620 2499 710 2545 Recte.
749 2497 824 2545 Tales
864 2501 962 2564 colores]
980 2502 1139 2564 Multiplices
1150 2502 1294 2565 podmaturu
1308 2503 1389 2549 vute.

296 2581 368 2623 certe
380 2574 488 2636 hymnos
501 2573 623 2622 Horntius
634 2572 788 2633 conscripsit
799 2573 824 2618 in
866 2585 1047 2642 tates‚q1w‚ut
1058 2593 1096 2626 m
1107 2579 1192 2640 ptem,
1203 2576 1327 2627 coloribus
1335 2577 1387 2623 dis.

296 2651 436 2707 Venerem,
450 2650 475 2695 iu
492 2649 647 2707 Minervam,
662 2647 826 2709 Cupidinem,
865 2653 1024 2714 tinguuntur,

296 2725 410 2788 aliosque
424 2725 492 2772 Deos
507 2725 633 2786 Deosque.
661 2723 752 2770 Pueros
761 2721 823 2768 Deo·
896 2733 926 2776 87
947 2731 996 2777 cur
1012 2745 1054 2789 ‘8⁰
1071 2729 1092 2777 si
1109 2730 1205 2792 nequeo]
1226 2729 1278 2777 Cur
1296 2727 1387 2776 Politae

295 2804 359 2865 rum]
376 2805 465 2850 Παῖδας
474 2805 521 2849 τῶν
530 2805 596 2849 θεῶν.
615 2803 733 2850 Nunnius.
761 2801 822 2847 Prae·
864 2817 957 2852 nornen
970 2805 1030 2852 milti
1043 2805 1176 2853 adscisco?
1204 2805 1388 2866 Po'e'losoistor]

294 2896 377 2940 rosque
395 2879 509 2940 Deorum]
527 2879 639 2927 Deorurn
653 2876 726 2939 filios,
738 2877 762 2924 id
775 2883 824 2938 est,
863 2877 960 2926 solator
970 2880 1036 2927 idern
1049 2880 1116 2943 qnod
1129 2882 1253 2942 appellor,
1263 2879 1389 2929 efficacius

296 2954 397 3001 heroas.
865 2963 950 3002 tomen
970 2970 1044 3016 qurum
1065 2957 1188 3013 nominor,
1208 2965 1236 3002 nr
1254 2958 1388 3002 ‘salutare

327 3033 358 3077 iil
376 3029 410 3075 El
428 3028 531 3089 pugilem
541 3025 664 3086 victorem]
683 3026 741 3073 Hoc
760 3025 824 3074 fecit
864 3029 970 3090 sliqueur
982 3029 1274 3087 Consulemcaesaaem,
1297 3030 1388 3076 Ponti·

294 3104 432 3156 Pindarus,
448 3117 544 3164 cycnus
556 3103 598 3149 ille
614 3101 764 3158 Poelurunu
780 3103 824 3165 qui
863 3101 933 3150 licent
942 3101 958 3145 :'
971 3102 994 3146 in
1007 3100 1097 3162 qtribus
1110 3100 1213 3147 vocibus
1223 3102 1259 3147 vis
1268 3109 1307 3148 est
1316 3116 1384 3163 qttae·

295 3186 365 3228 totns
383 3189 421 3227 est
437 3179 462 3225 in
482 3175 645 3225 celebrandis
663 3176 822 3239 Olympioni·
863 3179 919 3226 dnm
933 3176 1044 3223 creandi.
1064 3174 1179 3222 Nunnius.

292 3256 330 3302 cis
343 3256 449 3316 nliisque
461 3254 538 3301 sacris
550 3252 742 3300 certaminibus.
755 3252 823 3300 Non·
894 3256 926 3299 88
944 3253 995 3299 Car
1011 3251 1106 3308 nescire,
1119 3251 1206 3312 pudens
1214 3250 1296 3313 prose]
1315 3249 1383 3298 Ner-

292 3332 354 3376 sius.
389 3329 515 3389 intelligit
526 3342 588 3388 crgo
605 3342 658 3384 eos,
673 3328 715 3388 qui
728 3327 753 3373 in
766 3341 822 3374 cer·
863 3335 905 3374 rst
924 3341 1002 3388 prave
1022 3326 1142 3389 qnosdsnr
1163 3325 1330 3384 erubescere.
1341 3328 1383 3389 qui

293 3403 431 3451 luminibus
443 3403 588 3466 olympicis
599 3402 820 3452 Victoreserade·
863 3403 948 3462 posite
982 3401 1136 3449 verecundis
1160 3400 1261 3449 discere
1287 3402 1387 3452 nolunt.

293 3479 364 3527 bant.
399 3477 450 3526 Alli
475 3481 607 3527 Castorem
630 3487 657 3527 et
679 3479 820 3526 Pollucem.
861 3478 948 3538 'l'urpe
970 3477 1096 3537 ignorare,
1119 3485 1145 3524 et
1169 3477 1268 3538 turpius
1286 3470 1386 3525 discere

292 3554 401 3601 ‘Dicnm
414 3560 442 3602 el
454 3553 560 3602 Alciden
575 3568 716 3616 puerosque
736 3552 821 3611 Lede,
861 3556 937 3605 nolle.
949 3554 1068 3601 Nounins.
1105 3557 1155 3601 Cur
1163 3556 1260 3615 nescire,
1269 3554 1319 3616 lin]
1333 3555 1385 3602 Cur

293 3630 371 3679 Hunc
391 3630 473 3691 epiris,
495 3631 565 3678 illurn
587 3645 708 3692 stupecere
728 3629 820 3690 pugnis
861 3643 939 3692 prave
951 3629 1060 3690 pudens,
1069 3628 1093 3676 id
1104 3639 1154 3689 est,
1165 3631 1274 3691 turpiter
1282 3637 1308 3675 et
1321 3643 1385 3690 prte-

292 3703 430 3755 Ncbilem.’
459 3704 733 3767 Elpugilemeielorern]
751 3704 820 3765 Pug.
861 3713 963 3767 postere
991 3706 1160 3766 verecundus,
1188 3707 1255 3753 melo
1278 3705 1387 3763 nescire,

291 3783 330 3828 uis
342 3793 369 3831 et
381 3781 494 3831 menibus
508 3797 602 3830 ocrem.
636 3783 668 3828 El
678 3796 759 3843 spuunt
770 3795 819 3827 cer·
860 3793 936 3842 qtrsm
949 3778 1070 3827 discere?

292 3857 391 3916 lemine]
426 3859 535 3919 Equum,
564 3858 606 3919 qui
643 3872 718 3906 cursu
747 3855 818 3903 vicit.
892 3860 925 3905 89
945 3855 1059 3904 Versibus
1077 3855 1161 3917 erponi
1179 3854 1287 3915 tungren
1303 3868 1341 3902 res
1351 3870 1389 3901 co-

202 3968 204 3970 ,
291 3929 384 3989 Quum
396 3934 522 3979 certamine
537 3933 652 3992 primum]
672 3933 736 3994 Equi
755 3946 819 3992 prle-
860 3933 921 3982 rnicu
932 3948 978 3980 non
987 3932 1387 3994 vult10uoellbetcarmloasuam

84 4632 250 4752 Α

290 4003 366 4063 cipue
380 4002 495 4061 Epirorae
509 4005 709 4064 expetebantur,
720 4004 752 4051 de
764 4005 818 4067 qui·
860 4007 1178 4062 materiarnsnarnlrnbenl
1187 4003 1305 4049 indolem.
1319 4001 1385 4048 Nem

278 4074 339 4123 'bus
359 4075 395 4122 its
407 4074 544 4134 Virgilius:
563 4076 702 4124 ‘Eliadum
720 4081 818 4139 palmos
860 4097 901 4130 res
914 4084 1018 4132 Conrics
1030 4080 1145 4141 Trdpicis
1162 4075 1255 4135 exponi
1275 4073 1386 4134 pedibus

291 4151 383 4214 Epiros
406 4150 546 4212 equarum!
584 4152 613 4198 ln
637 4154 715 4198 sscris
736 4165 819 4203 certe·
859 4160 958 4221 nequit.
983 4154 1388 4206 esnedtnsrrtemversussunt

290 4230 398 4277 minibus
406 4239 484 4291 equos
492 4237 579 4272 omnes
590 4223 644 4272 fere
657 4225 743 4274 Grecci
755 4229 817 4276 erlu-
859 4235 1008 4295 populante,
1019 4228 1148 4292 inquibus
1158 4225 1243 4272 omnis
1256 4225 1288 4273 sd
1300 4227 1388 4275 simili·

286 4304 384 4355 cubant
406 4304 437 4354 ud
457 4299 608 4352 uincendum
627 4303 666 4350 uel
682 4301 707 4350 in
728 4304 816 4368 Olym·
859 4300 1386 4369 tudinemcolloquiorumistnilisrimuliu·
