3022 5062
201 385 288 453 1624
571 395 679 443 noun
703 391 918 439 vnnrouuu.

204 548 265 593 4666.
317 537 421 599 4466664]
455 536 505 586 Qut
528 535 732 597 septuennem·
772 530 1313 600 mortislrorrore5rel,1·'rigidus,idest,

205 628 264 666 6664
292 623 421 677 4666666666
448 609 592 659 6666466666
621 606 733 668 fugiuur.
772 606 890 656 strobile
907 603 1028 654 64466466.
1060 606 1110 656 Est
1121 607 1310 662 6641646466-

207 691 323 740 Norstius.
772 680 857 730 elroliu
868 679 1044 740 frigidissime.

235 767 286 814 466
302 764 405 825 Agiloni
422 761 503 826 pueri]
525 761 731 824 Perseqnuntur·
803 759 853 805 466
869 755 961 809 Psilis,
977 756 1032 819 466]
1047 755 1139 807 Poetis
1155 760 1202 823 qul
1220 775 1248 811 se
1260 776 1308 812 no·

205 838 356 902 4666644666]
374 839 471 886 Purum
483 837 561 884 cunti.
771 832 829 880 lunt
841 831 948 894 corrigi.

237 920 285 965 464
312 915 428 963 44466666
443 912 553 960 subiisses
569 910 662 972 serm]
680 909 730 958 isso
801 906 850 954 464
870 906 976 955 fruiturus
997 907 1039 969 qui
1058 915 1145 966 666664,
1165 912 1220 975 qm]
1238 914 1309 966 vid,

206 991 342 1052 plurimum
370 989 419 1037 sibi
442 989 564 1037 tribuens.
607 985 732 1049 86644666]
771 981 831 1030 Ρ64.
853 979 954 1031 Victor.
973 983 1035 1032 Ver.
1062 984 1137 1035 Iaect.
1164 1000 1192 1035 x·
1213 992 1256 1039 44.
1279 999 1309 1040 et

206 1063 337 1127 4466466666,
348 1064 391 1125 qui
402 1065 474 1111 66446
486 1063 512 1133 46
529 1062 620 1110 6664664
633 1062 731 1111 6664646
772 1070 871 1105 mli·
879 1061 921 1105 Ἢ·
947 1057 1084 1119 144614ίαῦ
1090 1061 1219 1127 widulf]
1230 1064 1307 1115 Iden

205 1139 314 1189 incedit.
333 1138 452 1187 44666466.
473 1136 732 1186 (4644066466146
771 1131 837 1181 fucit
858 1146 889 1181 uc
906 1133 928 1183 si
949 1134 1091 1185 occideret·
1124 1136 1190 1187 4466
1206 1153 1257 1202 pro
1272 1141 1309 1190 es·-

206 1216 410 1264 vur.1.eot.rv.
430 1217 469 1261 44.
506 1210 637 1273 Ructatur]
664 1211 732 1260 Duru
772 1210 835 1256 suile.

206 1289 310 1353 6644666
322 1288 495 1350 666666666ιί
507 1295 595 1335 ructus
607 1287 671 1335 edit.
701 1287 732 1333 El
805 1289 853 1335 466
869 1285 899 1333 Si
912 1288 1099 1352 retrectuurif]
1115 1289 1306 1343 466646646-

205 1364 281 1424 mol]
299 1363 333 1409 Et
344 1369 415 1409 erret
426 1361 510 1408 unimo
520 1371 547 1408 et
558 1375 677 1423 corpore.
774 1361 876 1410 cendio.

236 1442 285 1486 468
302 1436 331 1485 Si
345 1437 421 1484 664644
439 1436 534 1483 neruis
550 1436 663 1496 46466466,
678 1436 733 1498 be]
806 1441 854 1485 469
872 1438 926 1486 Fiet
942 1438 1021 1501 46666]
1038 1438 1206 1488 Fletrutiouis
1218 1442 1318 1503 purti··

205 1515 242 1577 si,
254 1520 282 1560 64
293 1525 387 1575 666666
399 1511 442 1574 qui
454 1511 559 1558 merulis
574 1511 662 1559 eribus
672 1511 733 1558 lusi·
773 1526 835 1574 ceps
849 1520 876 1559 et
888 1527 974 1562 sunus.
1009 1515 1118 1563 4666666
1133 1514 1212 1576 euim,
1222 1515 1302 1567 homo

206 1591 262 1638 6466
274 1590 361 1650 646644,
372 1590 397 1637 46
409 1587 519 1650 foreum,
527 1587 565 1653 (id
576 1597 624 1644 est,
637 1589 662 1637 iu
674 1602 731 1652 per·
773 1601 823 1636 oon
840 1596 888 1636 est.
921 1589 955 1637 Et
972 1597 1044 1651 66664
1053 1590 1166 1655 suum]
1181 1591 1240 1642 Nee
1258 1593 1305 1642 (ις.

206 1666 309 1727 6646666
320 1664 434 1726 errores)
447 1663 547 1712 incidit.
772 1668 851 1726 ponet
863 1677 986 1727 umorem,
997 1664 1024 1713 id
1035 1673 1086 1728 est,
1097 1680 1186 1716 666666
1196 1682 1247 1718 666
1257 1669 1304 1718 66-

238 1745 287 1789 469
305 1740 380 1800 46664,
390 1738 528 1801 succurrite]
544 1738 667 1789 Quemvis
679 1737 732 1786 lou·
768 1736 845 1799 jiciet
863 1736 969 1788 fumone
987 1741 1086 1802 mortis,
1104 1741 1130 1789 ld
1147 1749 1197 1806 est,
1211 1744 1304 1793 mortis

207 1832 275 1879 gum,
286 1818 312 1865 id
324 1826 374 1879 est,
385 1817 429 1867 diu
441 1818 544 1877 clamet,
555 1817 580 1865 io
589 1817 666 1873 eires,
677 1831 734 1866 666·
773 1810 886 1863 infamis·
903 1814 971 1864 Num
978 1816 1090 1879 selpsom
1099 1816 1304 1882 occidere,qnod

207 1893 313 1954 currite,
322 1893 476 1942 succurrite.
775 1887 838 1939 feeit
851 1891 1032 1955 Empedocles,
1042 1890 1137 1942 iofume
1149 1900 1198 1944 664.

240 1973 289 2018 466
306 1970 407 2031 Clerici,
424 1969 451 2016 16
467 1968 539 2031 64666]
557 1970 583 2017 16
604 1984 653 2017 ror
666 1967 736 2031 jubi·
807 1968 856 2014 tro
874 1966 926 2014 Nee
935 1967 1110 2030 ntisopperel]
1127 1968 1317 2019 chfororen·

207 2045 294 2105 lentis,
306 2053 334 2092 ut
347 2046 372 2092 46
385 2045 538 2108 triumphis3
555 2044 596 2092 bic
608 2057 671 2092 sero
682 2043 738 2106 qui·
777 2040 902 2090 umbitiosi
914 2041 1004 2091 Pn'e‘tn
1016 2042 1073 2090 ullis
1083 2042 1208 2093 similibus
1218 2045 1305 2093 declu-

208 2116 320 2173 rituntis,
339 2117 399 2164 dum
417 2118 738 2181 Quiritumopemimplo-
776 2124 825 2165 664.
859 2116 970 2165 Primum
987 2124 1120 2179 comperet
1137 2118 1208 2166 444666
1221 2117 1302 2168 furio·

207 2199 256 2240 rut.
291 2190 347 2238 Nori
364 2191 396 2237 644
417 2192 459 2251 qui
480 2193 560 2239 tollere
574 2192 652 2251 curel]
670 2192 739 2242 0646
778 2206 815 2250 66,
824 2192 867 2252 qni
879 2191 912 2239 66
923 2189 1033 2239 nefande
1043 2192 1141 2240 scelere
1153 2190 1224 2240 furiis
1236 2206 1301 2242 exu-

207 2267 310 2327 ignoret
329 2280 361 2314 66
381 2265 450 2313 64466
467 2279 495 2313 66
512 2264 650 2329 dejecerit,
668 2268 738 2315 susi
771 2265 887 2330 ,64464666
915 2265 973 2314 6646
992 2276 1126 2330 comperet
1147 2282 1205 2317 cour
1228 2284 1301 2334 urso,

207 2347 339 2390 extructus
374 2339 466 2391 eodem
495 2355 524 2389 66
550 2341 737 2405 666646446644.
778 2343 821 2407 qui
842 2357 858 2391 e
882 2355 990 2392 6666666
1013 2343 1145 2407 eruperit:
1168 2349 1302 2408 postremo

208 2417 328 2466 Nunnius.
364 2417 453 2466 Tollere
463 2416 540 2481 curet]
561 2416 694 2466 Attollere.
777 2427 911 2482 66666664
931 2434 989 2469 enm
1010 2419 1134 2482 64666464,
1154 2422 1197 2485 qui
1215 2429 1302 2472 664666

239 2497 286 2542 464
315 2492 448 2541 Desiluere
466 2491 563 2554 16666]
589 2492 735 2541 0666444666
777 2495 909 2545 invaserit.
942 2496 1028 2560 Atque
1046 2497 1082 2544 itu
1097 2497 1167 2546 6666
1185 2496 1217 2546 66
1238 2498 1304 2550 44646

208 2567 294 2619 funem
307 2571 332 2616 in
344 2568 455 2618 foueam.
777 2571 886 2620 Podtieu
902 2573 1102 2635 preceptionem
1118 2573 1257 2634 concludit,
1270 2582 1303 2633 ‚ut

241 2649 289 2694 462
308 2646 415 2694 Prudens
433 2644 488 2705 666]
507 2643 547 2691 An
565 2644 648 2691 sciens
665 2643 735 2690 etde
776 2646 869 2694 docent
894 2649 1027 2709 plurimum
1050 2648 1155 2709 referre,
1175 2653 1204 2695 64
1221 2646 1304 2696 Pseu

209 2725 345 2775 industris.
775 2735 825 2768 666
839 2722 874 2770 644
885 2722 1050 2781 ambitiosum
1067 2723 1113 2771 sed
1126 2731 1225 2776 666466,
1238 2730 1267 2772 64
1279 2725 1303 2772 46

241 2804 288 2848 los
306 2800 402 2848 Sertori
417 2799 488 2860 66444]
503 2799 605 2847 Servari
619 2812 667 2847 nou
681 2799 736 2845 vult
776 2796 901 2860 poe'muliu
914 2799 965 2846 suis
977 2800 1040 2847 uitis
1052 2814 1128 2862 qurum
1138 2799 1303 2863 diligentissi-

208 2889 241 2922 ue
253 2876 413 2923 emendetur.
449 2875 536 2922 Dirum
545 2875 663 2937 Siculique
674 2873 735 2921 Po'e'·
776 2889 817 2921 me
830 2875 921 2938 inquiri
934 2883 1018 2938 curet,
1034 2890 1116 2940 esque
1131 2876 1304 2928 demouslruts

207 2951 250 3010 46]
269 2953 309 2998 Ν6
330 2952 448 2997 uidentur
468 2951 619 2999 incredibile
637 2955 735 2998 tuntum
777 2949 1036 2999 emendarestndest.
1054 2953 1171 3000 Piscator.
1205 2955 1305 3001 Neces-

207 3025 291 3072 inesse
314 3025 404 3073 Poetis
428 3023 550 3085 fororem,
576 3032 606 3074 64
630 3026 736 3088 6664664
777 3027 1056 3088 tisnpporetcurverrus
1066 3027 1178 3088 jactitet]
1195 3029 1306 3076 446666-

208 3100 300 3161 666466,
317 3106 344 3145 64
361 3100 381 3145 64
401 3098 538 3147 admovens
553 3102 736 3148 666666666κί-
778 3103 808 3149 446
830 3101 990 3161 perspicuum
1013 3108 1061 3159 est,
1088 3104 1169 3147 utrius
1197 3103 1303 3151 sceleris

207 3173 340 3235 liutricem,
354 3170 465 3220 habituri
477 3174 529 3221 sint
541 3188 588 3235 pro
600 3174 736 3234 maleficio,
777 3189 876 3239 pienum
894 3175 948 3222 1664
963 3174 1042 3222 mulus
1060 3173 1153 3233 Poeta,
1165 3174 1225 3221 dnm
1243 3190 1301 3223 rer-

207 3263 257 3297 666
278 3263 325 3312 666
350 3244 487 3307 6666644646,
515 3256 604 3296 666664
626 3255 735 3297 mortem
778 3267 819 3299 sus
838 3250 959 3310 inoliter,
976 3247 1139 3312 sepulchriue
1159 3250 1256 3306 vicisti,
1268 3265 1301 3300 66

207 3323 371 3388 Empedoclis
390 3322 564 3386 Agrigentini,
582 3326 625 3390 qui
644 3324 735 3373 uvidis·
777 3328 870 3376 sublsti
883 3327 1027 3377 bidentolis.

207 3403 284 3449 simus
301 3400 399 3461 gloriae,
416 3401 443 3447 46
461 3400 563 3451 lEtusm
580 3401 688 3460 insiluit,
705 3408 733 3448 ut
808 3406 853 3450 lll
873 3403 1100 3452 Anrrislebidestol
1112 3402 1229 3464 illuserit]
1240 3402 1305 3452 Om-

206 3475 335 3524 hominum
347 3475 468 3539 opinione
481 3477 507 3524 in
524 3478 602 3526 eoelos
617 3476 733 3524 sublatus
774 3476 812 3524 uis
827 3477 908 3533 locus,
925 3477 1031 3526 fulmine
1049 3479 1125 3538 lctus,
1143 3479 1228 3527 stetim
1247 3487 1305 3527 erut

207 3558 351 3614 poteretur.
369 3550 487 3599 Nunnius.
513 3551 733 3615 SindiquePo'e'lae]
774 3554 916 3615 religiosus.
950 3554 987 3602 At
1004 3569 1077 3603 secer
1097 3553 1184 3613 liebri,
1194 3568 1238 3601 666
1254 3553 1305 3601 ibi·

207 3627 371 3691 Empedoclis
385 3629 556 3691 Agrigentini.
774 3627 833 3676 dem
844 3635 971 3688 extructo,
983 3635 1010 3677 et
1023 3627 1149 3677 sacrificio
1159 3625 1237 3674 fuclo.
1255 3627 1305 3676 Su·

238 3710 285 3753 466
299 3703 414 3764 Frigidus
420 3704 530 3768 AEirom]
543 3705 663 3764 Frigidus,
671 3705 733 3751 stul·
774 3703 897 3752 orificium
908 3713 994 3751 eutem
1007 3718 1039 3752 ex
1050 3702 1194 3752 bidentibus
1204 3701 1305 3753 oribus.

208 3789 248 3829 tun
262 3789 287 3829 et
302 3794 399 3829 uecors.
434 3781 501 3829 Num
519 3779 609 3844 quibos
629 3779 731 3839 sungnis
775 3779 850 3827 Unde
861 3787 888 3827 ct
905 3779 1058 3829 ‘bidental’
1075 3786 1201 3829 66666664
1212 3780 1306 3830 Romu·

205 3863 246 3901 est
264 3855 390 3917 frigidior,
410 3855 486 3903 corde
503 3860 564 3903 sunl
580 3852 731 3916 plerumque
773 3855 798 3901 ni
811 3855 894 3903 locum
913 3853 1018 3903 fulmine
1038 3862 1145 3916 4664666,
1156 3865 1182 3902 64
1194 3855 1307 3904 bidenti·

207 3930 361 3976 vecordiore.
396 3930 504 3991 Eleguos
519 3927 731 3977 bicestnutitlre-
774 3927 821 3976 666
845 3930 937 3978 664666
958 3930 1098 3991 expiatum,
1114 3939 1307 3980 consecratum·

205 4000 248 4059 sir,
266 4013 315 4060 qus
333 4000 460 4063 frigiditas
478 4005 534 4052 bilin
550 4006 731 4068 utraeopponi·
772 4019 830 4067 que.
866 4006 930 4052 Eum
956 4006 1038 4051 locum
1059 4017 1107 4050 nec
1127 4004 1235 4063 ingredi,
1255 4019 1307 4056 nec

205 4083 246 4123 tur
267 4071 401 4120 ardoribus
418 4078 482 4134 ignis
500 4079 592 4127 AEtuu.
613 4081 731 4130 Nunnius.
772 4082 872 4129 euicere
893 4078 932 4126 fes
947 4084 1023 4134 erst3
1041 4077 1227 4140 sepiebantque
1244 4093 1305 4132 eum

208 4149 321 4212 frigidus
332 4147 442 4208 AEtsuru]
460 4150 580 4213 Frigidus
593 4159 730 4218 presentis
771 4171 853 4215 moro,
863 4160 891 4202 64
903 4154 1031 4215 ingrerrus
1041 4159 1182 4204 arceretur.
1202 4154 1305 4210 8646666,
