3022 5062
209 433 293 497 1450
553 445 660 493 uorn
686 443 883 491 vuutonuu
909 443 948 489 ru

206 583 303 642 dicunt,
315 588 343 630 et
359 582 434 630 ‘cunr
446 583 515 631 lacte
532 582 656 633 nutricis-³
676 584 732 632 llrr·
769 582 839 630 tione
856 581 933 638 dixit,
948 595 1000 645 qne
1012 584 1020 609 ‘
1030 580 1162 644 probrnnr'
1173 580 1295 631 dicebant

205 661 266 706 rent.
299 655 338 704 De
354 661 433 705 uncto
443 657 583 720 meditatur]
600 657 623 708 Λ
636 659 732 707 teneris
769 662 879 717 veteres,
886 670 934 719 pro
940 662 1032 718 stupro
1043 663 1069 705 et
1080 654 1185 718 flagitio,
1197 662 1225 704 ut
1235 656 1295 705 Fes-

205 733 278 781 ennis
296 733 373 782 discit
391 742 419 783 et
436 743 543 784 exercet
554 749 653 785 sorores
664 733 733 797 flugi-
770 739 810 781 tus
827 731 873 780 sit.
905 729 980 781 Unde
998 729 1130 779 ‘semine
1150 729 1298 792 probrose:

207 809 294 857 tiosos.
770 797 869 855 cedern
891 811 999 871 qureret
1025 803 1168 860 ‘fumosum'
1188 804 1221 854 ob
1243 813 1297 854 stu·

238 887 269 933 28
289 885 349 933 Mox
359 884 478 948 junones]
495 886 560 936 Post
573 885 677 948 nuptis·
691 899 733 934 ce·
771 895 854 944 prum.
886 880 1008 929 Pretiossu
1018 882 1118 944 ereptor]
1127 880 1209 936 Vocet
1221 885 1296 942 ‘pre-

205 960 321 1012 lebrutrr
338 962 431 1024 querit
448 969 573 1009 imatores
584 960 676 1009 nutrito
687 973 734 1009 sno
771 958 863 1006 tiorum
875 954 1034 1019 emptorem'
1052 958 1094 1019 qrri
1108 964 1224 1017 stuprum
1237 969 1297 1018 quio·

203 1036 330 1098 juniores,
340 1037 366 1084 id
376 1043 424 1097 est,
435 1035 600 1086 robustiores.
772 1034 809 1080 ris
826 1031 910 1095 pretio
926 1031 1058 1080 sollicitet.
1077 1031 1186 1079 Torrert.
1218 1030 1297 1079 Dede·

240 1114 273 1160 26
289 1111 357 1159 Ister
373 1111 455 1159 ueriti
470 1110 538 1172 mrsu]
553 1112 640 1159 'l'slern
658 1111 734 1159 muri·
770 1121 850 1156 cornis
869 1106 986 1169 pretiosus
1006 1105 1106 1168 ereptor]
1130 1105 1297 1168 Flagitiomrn

209 1191 262 1234 tum
282 1185 356 1245 dicit,
378 1187 480 1248 qualern
499 1185 619 1236 Juvenal.
640 1185 694 1234 Set.
714 1198 734 1234 r.
771 1188 872 1242 emptor
882 1181 1001 1230 liberulis.

207 1259 260 1320 qui,
276 1260 395 1307 ‘Doctus
407 1267 529 1322 spectare
541 1261 656 1319 lacuna,
666 1262 736 1309 Doc-
804 1261 835 1305 88
855 1256 911 1304 Non
921 1253 1093 1315 injuratos]
1110 1254 1168 1303 Non
1179 1261 1232 1302 turn
1243 1253 1300 1302 libi·

208 1341 251 1381 tns
269 1341 295 1381 et
312 1334 344 1381 sd
365 1335 473 1383 culicem
491 1336 609 1398 vigilanti
624 1341 736 1384 stertere
773 1330 868 1381 dinosis
884 1331 1034 1393 perentibus
1052 1329 1104 1375 usti
1120 1335 1180 1377 suut
1198 1327 1234 1375 illi
1248 1327 1301 1376 Ro·

208 1406 291 1455 nuso)
323 1408 489 1458 Quemvide.
523 1411 591 1458 luter
604 1410 735 1458 meinsi-
774 1403 1304 1470 rnsni,quinerelibellcPoenossupers·

207 1485 251 1547 rso]
277 1485 350 1533 lnter
371 1486 460 1548 epuler
480 1488 616 1550 nuptiales.
654 1489 738 1551 Neque
775 1490 844 1531 runt.
878 1481 946 1530 Vide
960 1495 991 1531 ιι.
1003 1481 1054 1530 Od.
1068 1483 1107 1528 12.

208 1559 289 1622 eligit]
307 1561 411 1608 Nullum
423 1561 531 1611 adhibet
542 1561 679 1612 delectum.
807 1563 838 1607 88
851 1554 1028 1622 Pyrrimquc]
1040 1555 1203 1618 Epirotarum
1215 1565 1301 1617 regent

238 1637 273 1682 27
290 1634 441 1696 inpermissa
453 1636 556 1699 gaudio]
574 1637 691 1686 Meretur
703 1636 737 1684 ls-
775 1650 790 1684 e
802 1634 881 1684 Curio
893 1634 1063 1697 Fabricioque
1081 1632 1107 1680 in
1121 1631 1233 1680 Lucania
1249 1631 1302 1678 vic·

210 1707 323 1772 gendum
340 1707 449 1759 affirmat
462 1712 600 1773 inprouiso.
617 1719 643 1760 et
665 1713 738 1760 uns·
776 1718 840 1758 trrm.

210 1783 264 1833 bin.
287 1798 334 1847 pro
355 1785 454 1845 gordiu,
477 1788 565 1836 Oscula
585 1787 611 1836 in
639 1786 740 1836 duobus
808 1788 841 1833 86
856 1782 1013 1846 Anticclserss]
1027 1781 1110 1846 Syrie.
1122 1781 1247 1843 Regemu
1263 1778 1302 1826 Μ.

211 1858 296 1911 codd.
309 1874 337 1908 se
349 1860 475 1922 reperisse
489 1862 565 1913 dicit.
591 1861 670 1910 Certe
681 1861 739 1924 plns
778 1859 864 1910 Acilio
875 1867 1035 1922 superstnrn.
1064 1856 1203 1906 Annibalem
1215 1852 1305 1914 diu]

211 1948 286 1995 quarn
300 1935 386 1983 Oscula
397 1935 461 1984 dicit
472 1936 566 1994 Poiits,
578 1950 632 1985 rem
644 1935 740 1986 ioedsrn
777 1935 896 1986 Quatuor
917 1933 1022 1983 codices
1044 1932 1140 1980 hubent
1161 1934 1255 1991 derum,
1277 1934 1305 1976 et

210 2007 320 2062 honesto
348 2011 474 2058 rocubnlo
505 2020 603 2073 tegens.
633 2011 751 2074 umens,
778 2008 882 2072 quidem
894 2005 945 2053 dno
960 2021 993 2053 ex
1009 2007 1048 2053 lris
1063 2006 1138 2064 longe
1153 2006 1254 2067 oprimi.
1268 2002 1305 2050 di*

211 2078 362 2139 Inpernriesrr
372 2083 740 2144 mptiur,lrc.]lllicitssstnprl
777 2096 830 2128 ruer
844 2078 936 2126 'temen
960 2076 1078 2125 defendit
1100 2078 1159 2124 Pet.
1171 2077 1305 2124 Victorius

211 2150 369 2209 voluptates.
776 2151 1018 2197 Vsr.l.ect.rt.24.
1042 2147 1204 2208 [Antilochum
1215 2151 1304 2198 Μι-

243 2225 276 2270 88
293 2222 433 2269 luminibus
443 2223 550 2283 remotis]
562 2224 686 2270 Lucernis
699 2236 739 2271 re·
775 2238 828 2271 rem
837 2222 1012 2272 Sciroenborn.
1025 2223 1060 2286 2.]

211 2298 296 2356 motis,
317 2310 348 2343 ne
369 2295 421 2344 sint
443 2301 523 2344 testes
542 2296 647 2358 polluite
667 2311 738 2347 uere·
808 2302 840 2347 87
858 2298 1012 2346 noseorum
1031 2301 1142 2361 utriculo,
1160 2300 1214 2363 tu]
1233 2301 1306 2351 lutei

212 2369 323 2418 nundin.
776 2373 814 2421 M.
827 2372 933 2422 Catonis
947 2372 981 2420 de
993 2375 1031 2422 Re
1047 2374 1123 2423 liunt.
1135 2376 1246 2436 orsculu,
1257 2376 1306 2425 lroc

245 2451 278 2496 29
289 2448 337 2497 Sed
342 2447 412 2507 jussu
423 2447 512 2512 norun]
522 2449 584 2511 Sed,
594 2449 666 2498 velut
677 2451 741 2513 pub·
776 2448 858 2510 primo
871 2449 928 2496 loco
941 2449 1015 2510 ponit
1027 2449 1095 2496 Plin.
1108 2462 1188 2498 xvrrt.
1199 2456 1223 2498 n.
1236 2451 1305 2514 quod

210 2525 262 2572 lice
272 2524 398 2572 meretrix
412 2524 443 2572 ub
456 2525 574 2575 adultero
585 2528 740 2588 accerrime
777 2522 908 2574 fortissimi
929 2524 1085 2588 minimeque
1103 2525 1171 2572 mule
1191 2527 1306 2588 cogiten-

213 2598 282 2648 lecto
295 2599 388 2660 surgit,
406 2599 511 2647 vidente
524 2607 551 2647 et
562 2602 742 2652 consentiente
779 2608 829 2659 tes,
840 2614 871 2647 ex
884 2601 1003 2661 agricolis
1019 2602 1166 2662 gignuntur.
1199 2601 1307 2650 Patiens

213 2675 314 2737 meritc,
338 2673 381 2738 qui
404 2684 525 2739 tunquam
549 2677 608 2726 leno
631 2679 741 2741 pretiuru'
779 2675 1307 2739 culmillicoperrrni‚‘purroqueusruetn

213 2751 364 2798 concubitus
376 2751 478 2810 accipit.
774 2748 918 2813 juventus,’
938 2756 967 2797 ut
987 2749 1077 2811 l'irgil.
1096 2758 1183 2799 noster
1202 2752 1306 2803 cecinit.

246 2827 279 2870 80
289 2821 404 2881 innitor]
420 2823 571 2884 Quenqnsm
583 2839 675 2874 nomen
687 2830 695 2856 ⁴
705 2829 742 2875 in·
782 2829 891 2876 Tenent.
920 2827 1028 2875 Mascula
1038 2829 1152 2893 militem]
1165 2829 1257 2877 Proles
1269 2831 1306 2877 si·

214 2895 324 2945 slitorir'
336 2895 458 2955 generale
476 2897 521 2953 rit,
538 2911 584 2958 pro
596 2913 627 2946 eo
640 2901 682 2962 qui
704 2909 740 2949 te·
780 2903 842 2960 rilis,
855 2916 905 2949 non
918 2899 1081 2952 effoerninets.

216 2971 312 3029 lteruee,
330 2970 371 3017 vel
391 2970 433 3017 ulii
449 2970 555 3019 cullibet
574 2975 742 3034 negotiationi
811 2982 844 3026 88
854 2977 954 3026 Sabellis
963 2981 1032 3027 docto
1043 2978 1173 3041 lr'gonibus]
1189 2980 1305 3030 Sabinis:

216 3045 386 3108 praeponitur,
407 3045 474 3108 quud
497 3054 525 3094 et
546 3048 653 3097 nominis
675 3051 742 3100 rstio
779 3069 827 3117 pro
838 3054 970 3118 quibusvis
983 3054 1119 3117 ligonibus,
1129 3063 1157 3103 et
1167 3054 1305 3105 ferretnen·

215 3120 390 3169 demonstret:
404 3135 437 3168 ex
450 3135 481 3168 eo
492 3121 559 3170 enirn
569 3123 664 3172 dicitnr
673 3125 742 3188 quod
779 3130 812 3177 tis
824 3129 935 3177 rusticis.

215 3198 321 3258 negotio
339 3196 451 3258 gerendo
469 3197 559 3257 instet,
572 3205 600 3246 ut
618 3199 742 3262 Ulpianus
811 3208 843 3253 89
865 3205 965 3253 Verrnre
975 3205 1068 3268 glebas]
1086 3204 1180 3254 Arare.

214 3272 267 3321 eit:
285 3272 353 3319 sonis
374 3278 458 3319 tumen
480 3272 579 3320 institor
598 3287 648 3322 uon
670 3283 742 3323 reete
811 3285 841 3328 tl
861 3280 963 3328 Portare
973 3279 1063 3340 susten
1081 3279 1190 3327 Portare
1207 3278 1306 3340 lignum

215 3348 327 3397 dicitur:
340 3345 564 3396 Groecidrtordm
572 3356 675 3397 vocnnt.
687 3351 743 3398 Tur·
780 3357 882 3405 domum
899 3364 957 3418 port
973 3355 1085 3404 laborem
1102 3353 1202 3402 finitum
1219 3354 1252 3402 ad
1268 3356 1306 3417 ig.

216 3428 279 3472 '‘2¹⁸-
313 3421 425 3484 mim]
443 3423 603 3484 Νθὲθῑῑθῑθῖ·
780 3447 838 3481 nern
860 3433 989 3489 alendum,
1006 3431 1027 3478 si
1042 3435 1135 3478 nrrtrer
1152 3443 1250 3479 sereres
1268 3431 1306 3479 sic

247 3502 278 3547 ³1
297 3499 375 3545 Ναοῦ
388 3497 502 3558 Hm&
512 3497 744 3560 WiCtJPsulffl
775 3507 905 3569 juberent.
940 3507 982 3555 Sol
999 3506 1039 3554 nii
1056 3503 1307 3566 mrtm1nuutc·

215 3574 310 3624 Jurlsc·
323 3572 368 3620 lib·
382 3585 449 3621 llll·
462 3571 495 3620 de
505 3572 585 3622 Verb·
597 3575 667 3636 Siga·
680 3575 743 3623 scri·
781 3582 894 3645 quidem,
907 3581 952 3630 red
965 3589 1072 3629 venuste
1083 3587 1111 3630 et
1121 3581 1180 3629 lrnic
1193 3582 1249 3631 loco
1261 3595 1306 3643 sp·

216 3649 255 3698 bit
271 3646 446 3710 ‘Magistros'
464 3647 524 3710 dici,
544 3650 635 3711 quibus
652 3650 742 3711 preci·
782 3666 809 3705 tn
821 3657 974 3718 vespertinus
985 3656 1056 3704 horre
1068 3657 1217 3718 descriptio,
1227 3656 1307 3720 quells

217 3738 267 3786 pur
278 3738 340 3774 cure
351 3737 432 3771 rerum
444 3723 577 3785 iucurnbit,
589 3732 616 3773 et
630 3725 674 3788 qui
692 3739 743 3773 rne-
781 3730 965 3791 ttuvirgAEel.
976 3742 1004 3778 tt.
1015 3731 1139 3793 ιΑςμίοο,
1150 3739 1234 3780 sretrr
1242 3730 1306 3793 jugo

218 3799 256 3860 gis
268 3813 343 3861 quum
360 3799 448 3846 caeleri
463 3798 621 3862 diligentium
637 3804 664 3846 ei
676 3800 744 3848 solli·
781 3804 897 3855 referunt
916 3819 1038 3866 suspensa
1063 3807 1179 3869 juvenci,
1206 3807 1240 3855 Et
1262 3803 1308 3854 Sol

217 3873 357 3922 citudinem
370 3872 554 3936 rebns‚qnibus
566 3884 689 3936 prterunt,
699 3874 744 3922 de·
781 3886 925 3929 crescentes
954 3878 1090 3928 discedens
1117 3880 1232 3942 duplicet
1254 3892 1308 3925 nm·

217 3950 287 3997 bent.
313 3947 745 3998 Hincornniutnferercruni‘mn·
780 3954 856 4003 brss.'
882 3954 926 4002 Sol
938 3953 1005 4002 euim
1017 3954 1161 4013 discedens,
1174 3953 1210 4001 uti
1223 3959 1249 3999 et
1260 3951 1306 4000 nd·

218 4024 304 4085 gistri’
316 4023 389 4072 dicti.
424 4022 581 4084 ‘Magister’
600 4038 661 4085 ergo
679 4024 744 4071 ‘uts-
782 4030 894 4090 veniens,
904 4044 954 4091 qno
970 4030 1050 4091 magis
1067 4044 1099 4077 ex
1112 4025 1308 4077 trsusuersofe-

218 4097 745 4157 vts'cet,cnitotiusnnviscnrrmundetn
783 4107 825 4166 rit,
846 4120 877 4154 eo
908 4105 1006 4166 longius
1025 4104 1091 4166 jacit
1112 4101 1223 4161 umbros,
1242 4113 1307 4164 quer

220 4183 268 4224 cst.
285 4178 392 4224 Tenent.
425 4175 556 4236 Magister]
575 4174 728 4226 Nuuclerns.
782 4178 944 4242 ‘displiceri'
959 4179 996 4226 eit
1008 4179 1080 4240 Virg.
1098 4174 1227 4223 ‘nrutsri’
1244 4189 1307 4225 vero

251 4251 283 4297 88
299 4249 454 4313 Dedecorurn]
472 4250 643 4300 ‘Dedecori’
661 4266 743 4301 osre-
783 4253 875 4304 llornt.
902 4254 962 4316 quin
989 4256 1097 4316 repente
1123 4249 1310 4302 extenduntur.
