3022 5062
295 422 381 486 1390
531 469 533 473 .
642 435 1041 485 uounvanronunnt
1131 439 1134 447 ’
1210 435 1213 442 ·

294 578 365 624 lucta
385 574 540 623 constitutos
564 574 714 638 reliquerit:
743 590 816 637 quem
854 573 1383 638 uotaincudediffiugss‚idesl,tleuovo

295 650 423 698 nutando
439 650 518 698 sestis
539 662 635 698 tuorem
654 663 729 699 neruo
746 651 816 714 iguo·
854 650 936 713 liugas
956 660 983 700 et
999 650 1139 699 refabriees
1157 650 1252 700 ferrura
1271 661 1385 704 retusum

295 736 344 777 rst.
364 728 472 776 dmm.
854 727 882 775 in
893 727 960 775 bello
971 727 1048 783 civili,
1059 725 1127 789 quod
1135 740 1184 774 nou
1196 727 1222 775 iu
1233 728 1314 785 cives,
1322 736 1351 779 ut
1359 731 1385 778 is

325 807 356 850 28
371 802 458 864 Retro]
476 802 626 852 ltetroosdit
637 811 665 852 et
676 800 779 864 diffugit
789 816 817 851 re
855 802 937 865 prims
964 801 1144 862 fabricatione,
1176 803 1222 850 sed
1246 803 1271 850 iu
1298 805 1385 854 hostes

293 877 557 926 motstsetadserss.
856 877 1017 940 Massagetas
1040 886 1068 925 et
1094 875 1192 925 Arabes
1214 877 1318 928 t’ortusri
1339 881 1384 929 de'·

295 962 298 968 ¹
326 952 817 1014 weadkcsussoecdllmicitisruuens·
855 950 924 999 best.
958 951 1013 1013 Ego
1025 958 1095 999 certe
1108 951 1173 998 bauc
1186 954 1385 1014 explicationem

293 1041 327 1090 pe
349 1026 458 1097 lingunt,
482 1028 601 1090 quamdiu
624 1028 664 1074 rel
687 1028 817 1076 miuinsuus
855 1028 925 1090 (curn
939 1028 1005 1075 bons
1017 1028 1132 1076 Lambini
1143 1029 1230 1091 renis)
1239 1032 1386 1093 ueqneplu·

293 1103 389 1165 aliquid
401 1109 527 1164 superest,
535 1104 602 1166 quod
613 1103 755 1152 absumant.
771 1103 817 1153 At·
855 1116 931 1163 gruem
942 1116 999 1150 esse
1011 1109 1083 1163 pulo,
1096 1116 1179 1165 neque
1189 1105 1320 1166 elegantia
1330 1105 1385 1154 Ho'·

293 1177 337 1241 qui
349 1178 418 1227 ultra
435 1177 535 1225 modum
555 1179 612 1227 rino
629 1177 744 1226 deditum
761 1190 818 1227 esse
855 1178 956 1226 rotiana
975 1177 1115 1239 indiguam,
1134 1177 1178 1226 sed
1197 1192 1255 1226 cuns
1272 1182 1384 1241 genuino

293 1259 408 1314 oportet,
430 1253 472 1314 utri
491 1252 638 1314 amphoram
657 1253 771 1301 exsiccat
791 1261 818 1300 et
855 1265 930 1299 seusu
944 1252 1023 1301 totius
1036 1250 1103 1300 Ode
1114 1252 1211 1314 optio
1226 1255 1384 1304 consentire.

293 1326 640 1390 l'aecemquoqueexsorbet.
668 1329 819 1377 Talesvero
888 1329 920 1373 89
944 1327 1062 1390 Dt'ffingas
1091 1327 1207 1388 retussa]
1245 1327 1384 1377 Latobiuus

294 1415 362 1450 nuuc
384 1402 499 1450 ‘Mensae
518 1404 624 1452 amicos’
643 1404 818 1466 appellemus:
855 1401 941 1464 priore
953 1402 1383 1462 editiouedestrisgasrecsramsub·

294 1475 363 1524 uude
379 1477 481 1539 elegans
493 1478 589 1526 dietum
607 1478 669 1526 illud
686 1476 820 1542 ζεῖχύτρα,
856 1477 954 1524 stituitz
983 1483 1077 1539 postea
1098 1484 1196 1524 murteta
1219 1480 1348 1527 sententia
1368 1494 1383 1527 s

292 1549 325 1613 ζῇ
340 1550 417 1610 etsta
451 1553 538 1600 Fervet
555 1553 610 1613 olla,
626 1554 686 1602 risit
701 1555 818 1604 ambula.
856 1551 1299 1609 Gaii.eaurerov11.su.nonitus‚
1320 1554 1383 1602 illud

294 1625 415 1674 Erssums
427 1627 536 1676 Cbiliad.
555 1630 663 1679 Torreat.
857 1640 929 1677 suurn
940 1629 1076 1687 destringas
1092 1628 1117 1675 iu
1129 1628 1217 1689 defigas
1234 1630 1320 1691 vertit,
1337 1629 1383 1677 sed

325 1704 358 1749 28
374 1702 450 1751 Ferre
459 1702 556 1763 jugam,
567 1703 619 1765 spu]
637 1705 705 1752 Puto
718 1704 819 1753 dolosos
856 1714 961 1749 recasurus
974 1703 1088 1751 retinuit.
1107 1703 1207 1753 llsrneb.
1220 1717 1250 1752 rr.
1262 1708 1302 1752 lt.

294 1775 390 1838 pariter
397 1776 490 1839 jugum
502 1776 580 1833 t’erre,
594 1779 636 1840 qui
650 1791 700 1826 nou
711 1792 820 1841 syncere
887 1778 931 1839 do]
947 1777 1107 1839 Massagetas]
1136 1779 1262 1842 Populum
1282 1779 1383 1842 Scytbi-

292 1862 320 1898 se
342 1860 475 1900 consortes
498 1856 625 1914 prebent,
651 1867 734 1917 oeque
753 1853 820 1901 bona
857 1865 914 1899 coru
926 1853 994 1900 ultra
1006 1868 1075 1901 mare
1087 1855 1217 1916 Caspium.

293 1923 354 1986 tide,
370 1927 479 1989 ideoque
490 1927 516 1975 iu
531 1929 608 1976 rebus
620 1928 734 1976 adversis
746 1926 819 1976 dese·
858 1925 920 1975 Onu
942 1941 1042 1976 xxxvi.
1058 1929 1224 1992 Εὐχαριστική.
1248 1929 1292 1977 Ao
1308 1930 1385 1977 Pour-

293 2006 363 2045 ruut.
383 2000 589 2049 lincolnia.
607 2002 734 2050 Palmatis.
768 2005 819 2051 Do·
889 2016 998 2050 cossura
1012 2004 1162 2051 Nomionis.
1197 2005 1239 2050 Ob
1258 2005 1330 2065 cujus
1351 2013 1384 2051 es

292 2071 350 2132 bra]
374 2071 459 2120 Amici
477 2075 560 2121 dolosi
575 2083 603 2122 et
621 2073 778 2123 fraudulenti
793 2078 818 2123 iu
891 2074 1017 2133 Hispania
1036 2075 1147 2121 reditum
1168 2075 1261 2134 gaudio
1273 2076 1384 2134 exultat,

291 2144 401 2193 serendo
413 2147 511 2207 pariter
522 2146 588 2207 jugo
600 2161 657 2193 curu
671 2147 760 2194 stoicis
777 2161 818 2194 cs·
889 2153 917 2193 et
928 2147 1046 2192 bortatur
1057 2162 1114 2194 euru
1126 2148 1158 2193 ad
1170 2149 1296 2195 letitiam.

292 2219 411 2268 lumitate
422 2218 521 2266 effectis
530 2218 675 2281 diffugiunt,
686 2233 818 2280 consomp·
888 2223 900 2265 l
913 2219 946 2264 Et
954 2218 1159 2282 tlurcetfldt'bas]
1178 2221 1240 2269 liaec
1248 2221 1383 2272 sacrificiis

294 2296 328 2344 tls
340 2293 477 2342 amicorum
490 2294 595 2342 diuitiis.
856 2292 1134 2354 omuibuscoutuuuuia3
1147 2297 1243 2344 uullutu
1253 2298 1318 2345 enisu
1328 2299 1384 2348 siue

324 2367 456 2416 titSems
473 2367 572 2430 lemn]
589 2368 613 2418 0
633 2370 699 2418 Dius
717 2374 817 2432 gratum
856 2368 970 2413 tlrureac
987 2368 1091 2415 musica.
1126 2370 1266 2418 illudrero
1285 2374 1383 2433 peculi-

292 2457 349 2506 qute
372 2443 439 2505 regis
468 2441 583 2505 Antium,
606 2458 694 2493 serres
721 2444 817 2492 iturum
856 2443 1006 2504 sre,ut,rel
1023 2457 1069 2504 pro
1081 2445 1133 2492 uoti
1151 2446 1257 2503 ustione,
1278 2447 1320 2495 sel
1338 2461 1384 2495 cu·

292 2517 432 2575 Caesarem,
441 2520 489 2567 oco.
849 2516 944 2578 jusque
954 2518 1004 2564 Dei
1017 2518 1099 2578 cultu,
1109 2520 1198 2568 bostiae
1211 2529 1381 2570 mutarentur.

324 2601 356 2645 80
375 2597 408 2644 El
424 2596 551 2657 jurenses]
578 2597 614 2645 Et
634 2608 818 2644 serranorum
857 2590 965 2639 Torreat.
984 2591 1094 2654 Fidibus]
1112 2594 1230 2642 Carmine
1243 2595 1332 2656 lyrico.

291 2672 443 2733 exercitum,
452 2686 483 2718 ex
488 2671 627 2734 juvenibus
635 2670 820 2731 couscriptum,
886 2670 902 2713 2
919 2665 1040 2726 Sanguine
1048 2668 1137 2731 debito]
1152 2670 1201 2716 Vel
1215 2670 1248 2717 ob
1259 2671 1312 2718 voti
1325 2671 1384 2718 reli'-

292 2748 362 2805 Eois,
383 2746 409 2793 id
431 2755 480 2799 est,
502 2745 670 2793 orientalibus
693 2744 819 2805 partibus,
856 2740 966 2802 gionent,
988 2743 1027 2787 vel
1049 2741 1083 2789 ob
1100 2742 1219 2791 amicitiae
1243 2744 1382 2805 pietatem:

292 2820 388 2878 Medis,
400 2819 496 2875 Persis,
507 2822 556 2865 &e
572 2817 727 2865 horribilem.
857 2824 884 2863 ut
894 2816 1008 2863 omittam
1022 2830 1158 2866 consuesse
1171 2826 1272 2866 veteres
1287 2820 1383 2867 amicos

324 2896 356 2940 82
383 2892 532 2952 Oceanoque]
566 2892 600 2939 Et
626 2891 817 2940 formidolosum
855 2904 962 2952 peregre
977 2892 1100 2940 abeuntes
1121 2894 1309 2957 redeuntesque
1321 2909 1383 2943 cou-

292 2967 483 3029 Britannis,qui
496 2966 611 3014 incolunt
623 2973 722 3028 partem
732 2967 818 3015 usundi
855 2965 928 3012 viriis
941 2966 1071 3027 excipere,
1089 2983 1145 3030 quae
1167 2970 1175 2995 ⁴
1181 2969 1333 3018 adventitia·
1351 2982 1383 3019 sc

292 3043 360 3091 Solis
376 3043 478 3091 occasui
495 3043 674 3105 propinquam,
685 3042 759 3103 cujus
777 3057 817 3090 ra·
853 3039 973 3088 ‘viatica’
985 3043 1119 3099 vocabant,
1131 3046 1205 3106 quale
1218 3047 1336 3094 nimirum
1348 3047 1382 3094 ob

291 3115 343 3163 diis
356 3115 475 3166 Oceanus
487 3116 558 3180 quasi
570 3115 690 3164 rubescit.
855 3115 973 3164 Numida
986 3117 1024 3163 soi
1036 3119 1146 3166 reditum
1158 3121 1196 3168 liis
1205 3123 1319 3171 celebrat
1330 3121 1382 3170 Ho·

323 3195 355 3240 88
375 3191 528 3252 Cicatricem]
545 3191 631 3240 Pudet
647 3193 779 3239 vulnerum
790 3191 816 3240 iu
855 3193 943 3239 ratius.
977 3191 1049 3240 luter
1060 3196 1131 3241 Deos
1143 3209 1204 3242 vero
1217 3197 1381 3257 peregrinan-

292 3267 360 3316 bello
371 3268 440 3316 civili
451 3276 624 3329 acceptorum.
855 3266 917 3312 tium
930 3267 1104 3329 custodes,vel
1113 3268 1382 3330 praecipuecolebatur

324 3345 355 3390 84
376 3342 540 3404 Fratramqsc]
564 3342 680 3389 Fratrum
697 3337 817 3387 iuterfec·
855 3340 1016 3388 Mercurius:
1046 3342 1114 3390 uude
1137 3351 1164 3390 et
1193 3341 1285 3399 aldius,
1315 3347 1381 3391 teste

291 3423 384 3480 torum,
402 3419 444 3480 qui
464 3415 648 3465 contrariarum
666 3421 740 3461 eraut
760 3428 816 3476 par·
856 3415 994 3478 Hesychia.
1008 3418 1075 3464 Torr.
1104 3417 1203 3480 Debita]
1222 3417 1327 3474 Debito,
1340 3418 1381 3466 rel

292 3494 363 3542 tium.
398 3494 476 3555 Quid]
495 3493 519 3540 Α
537 3507 587 3553 quo
604 3492 702 3539 scelere
723 3488 816 3552 refingi-
855 3491 918 3550 voti,
931 3491 970 3537 rel
982 3489 1058 3539 officii
1073 3506 1158 3540 causa.

292 3584 348 3616 tuus
356 3584 412 3628 uos,
423 3570 465 3631 qui
477 3582 562 3615 sumus
572 3567 636 3615 durs
648 3573 720 3619 aetas,
731 3564 757 3612 id
767 3570 816 3624 est,
887 3568 901 3612 8
919 3565 994 3627 Deos]
1012 3566 1144 3614 Castorem
1156 3574 1184 3616 et
1193 3567 1324 3615 Pollucem
1337 3582 1381 3616 ns·
1399 3630 1401 3634 Α

291 3644 404 3692 homiues
415 3643 490 3705 liujus
503 3642 596 3703 aetatis,
606 3643 661 3690 siue
674 3638 818 3687 misericor·
855 3639 992 3701 rigationis
1021 3643 1155 3702 presides,
1185 3645 1265 3693 iratos
1293 3643 1380 3693 forsan

293 3718 351 3767 dial
853 3711 962 3772 futuros,
985 3715 1033 3762 uisi
1052 3716 1179 3766 sacrificis
1199 3721 1236 3768 eis
1258 3719 1381 3783 promissa

323 3795 354 3840 88
373 3790 480 3855 Nefasts']
492 3789 600 3839 Nefarii.
616 3788 739 3852 [Guelpla.
751 3787 816 3848 quic-
853 3789 1022 3849 persolveret.

290 3867 346 3928 μία
365 3868 488 3916 intactam.
535 3866 710 3915 Soboeuboru.
729 3865 754 3912 2.
776 3876 817 3909 se·
885 3862 1050 3925 aninstsc]
1071 3865 1145 3914 Ordo
1162 3872 1220 3915 est:
1239 3867 1290 3917 Qui
1314 3880 1380 3914 uouc

285 3940 380 4003 seseli]
853 3951 941 3998 sospes
955 3952 1072 3987 reversus
1086 3941 1118 3989 ab
1133 3943 1223 4001 ultima
1242 3940 1381 4001 Hesperia,

321 4020 352 4063 87
365 4016 445 4077 Mers]
457 4015 589 4077 Religione
601 4013 724 4060 adversos
739 4012 816 4058 Deos.
853 4011 946 4060 dividit
957 4014 1035 4061 mults
1045 4016 1133 4063 oscula
1144 4016 1228 4064 charis
1240 4013 1380 4074 sodalibus,

292 4089 395 4150 Quibus]
420 4091 485 4140 Quae
507 4089 603 4150 templs
631 4088 744 4135 Deorum
765 4097 815 4132 uoo
853 4088 915 4135 nulli
926 4096 1012 4136 tsmeu
1024 4088 1266 4153 plura,qoamdolci
1275 4087 1380 4148 Lamias,

292 4162 396 4210 violarit
408 4166 542 4215 Joseutus.
853 4175 948 4209 sueruor
960 4164 1078 4225 pueritie
1091 4170 1155 4212 actae
1171 4176 1221 4210 sou
1240 4162 1290 4209 alio
1308 4175 1379 4223 rege,

323 4238 355 4284 88
372 4237 508 4301 onim]
532 4238 556 4287 0
575 4237 698 4298 Fortuna,
718 4236 814 4285 otiosus
853 4239 1189 4289 etmemorsimolusutsus
1202 4242 1281 4300 tofles.
1314 4236 1379 4286 Hes·
