3022 5062
362 453 536 504 4444414
561 455 772 507 sennonem
800 459 871 506 nin.
895 460 920 507 1.
942 445 973 509 1.
1136 445 1222 522 1491

131 608 207 660 quent
220 594 289 659 quod
301 609 353 644 uon
363 596 459 646 bubet.'
478 597 587 646 7444444.
618 598 659 647 Ad
697 598 790 659 Vorro,
802 598 962 647 ‘numerum'
978 613 1078 663 qnoque
1089 598 1143 650 dici
1155 599 1223 649 uffir·

131 672 218 734 444444]
237 670 278 719 Ad
298 686 426 720 nummum
448 686 533 734 nuum,
553 670 658 722 ferend
696 680 750 721 met
775 674 880 736 proprie
897 673 934 734 id,
948 674 1014 735 quud
1028 674 1059 722 ed
1072 676 1223 726 4114414441-

133 747 247 796 nibilum.
696 749 867 798 militudinem
885 749 912 797 in
927 749 1026 813 nuptiis
1042 765 1057 798 4
1074 765 1154 812 puero
1177 768 1223 817 pu·

164 825 196 870 44
213 821 247 869 Ar
259 822 285 869 ni
296 821 323 869 id
331 821 379 886 fit]
397 821 500 870 Horatii
515 818 658 885 replicelio.
697 824 773 872 trimo
785 838 816 873 uc
828 823 955 884 metrimo,
966 839 1042 888 quem
1055 832 1062 854 ¹
1073 825 1222 878 Camillum’

132 896 573 957 111ιί44444444444441444144,444.
595 899 660 953 Quid
697 898 835 960 rorebtrnt,
852 898 1058 964 gestubetnrgin
1078 914 1160 964 eoque
1181 905 1223 954 441

132 970 202 1019 iubet
217 972 319 1034 pulrltri]
335 972 661 1037 Tl‘pulclrrnm,'bicert,
696 987 798 1034 rpoueae
813 974 1224 1037 414441114,44144414,41441444
1277 1036 1279 1041 ι

131 1043 658 1110 4444444444444444444441444144411
696 1049 749 1108 elii,
762 1048 801 1098 vel
815 1049 883 1097 eliud
895 1049 1027 1112 quippiam
1041 1057 1149 1098 secreto.
1166 1051 1224 1098 Tor·

132 1121 249 1181 pecunie.
268 1123 340 1185 Cruq.
694 1128 756 1173 4441.
791 1124 1004 1188 ueneriqvnsts
1026 1123 1224 1183 detritionem

164 1200 194 1244 44
214 1196 317 1245 Triuerit
336 1212 392 1245 4444
414 1199 518 1262 centurn]
534 1198 657 1249 Quemrie
696 1198 822 1258 vimineis,
835 1199 861 1247 in
873 1197 965 1263 quibos
980 1198 1137 1248 frumentum
1148 1212 1223 1263 repo·

131 1285 192 1319 4444
213 1279 256 1320 trra
274 1274 387 1333 triverit,
406 1273 444 1337 (id
458 1281 507 1333 ert,
525 1288 571 1336 per
583 1275 657 1323 tritu·
695 1286 757 1322 nere
779 1274 905 1322 eolrbent.
945 1272 1080 1336 Gmeoriu]
1108 1273 1221 1322 Horren.

129 1359 183 1393 rum
194 1346 351 1409 reddiderit)
359 1355 462 1397 centum
472 1347 594 1398 frumeuti
605 1364 657 1399 rne-
694 1347 769 1409 [Vei.
781 1352 806 1397 7.
821 1351 874 1410 pler
884 1349 1093 1411 menelaum]

129 1419 273 1470 dimuorum
285 1422 374 1472 millia.
727 1423 812 1471 44114
834 1424 891 1487 tibi]
921 1427 1039 1488 Exempli
1059 1440 1146 1475 44444.
1178 1424 1222 1474 n·-

160 1500 194 1544 44
212 1497 266 1545 Hoc
278 1498 355 1559 cupiet
365 1502 458 1564 uenter]
477 1501 538 1550 Non
550 1515 584 1549 ex
597 1501 657 1561 hoc,
694 1496 761 1560 ouidi
772 1511 818 1544 444
827 1499 927 1560 amplier
936 1500 1007 1561 mnu]
1019 1501 1055 1549 Ut
1067 1500 1139 1563 ὑγρὸν
1147 1500 1222 1550 0444-

130 1584 179 1619 444
193 1571 258 1620 ideo.
293 1574 657 1639 leqeomrneer1011unrrir
695 1573 730 1631 ei,
747 1571 784 1618 rie
803 1571 915 1635 lioeidm
931 1574 1024 1629 Latini,
1045 1583 1223 1639 1444444444-

129 1657 180 1694 444
203 1647 285 1694 inulte
308 1648 459 1708 possideam.
496 1650 591 1712 [codd.
613 1665 657 1713 ep.
695 1659 752 1705 444,
771 1658 817 1707 pro
837 1660 999 1709 quocumque
1019 1647 1125 1695 humore
1142 1661 1174 1695 ee
1193 1660 1222 1695 re

130 1717 213 1767 Jecck
224 1725 252 1767 et
264 1721 352 1781 Feenr,
362 1722 462 1784 capion]
695 1718 774 1769 fluide
796 1727 931 1782 urttrpttnt.
972 1721 1066 1770 Horat.
1088 1735 1135 1782 pro
1158 1735 1224 1785 eque

162 1797 193 1841 47
218 1795 351 1843 [1444441444
376 1797 457 1858 porris]
482 1798 657 1847 ‘Penatium'
695 1809 754 1843 4444
764 1795 889 1858 ert,qnod
898 1795 1140 1844 P.Victnrianer.
1150 1797 1222 1844 Lect.

129 1868 557 1932 rocutVerro,dpropdporGrteei.
587 1873 659 1921 Note
697 1882 782 1918 xxrtt.
801 1873 843 1918 2⁰.
862 1868 1017 1919 observarit.
1055 1870 1107 1918 Sed
1128 1878 1154 1918 et
1173 1870 1222 1920 boc
1307 1918 1313 1927 ,

130 1950 216 1991 eutem
233 1944 322 2005 AErupi
342 1946 409 1993 inter
426 1959 562 1993 consertor
579 1960 659 2008 peue-
696 1944 846 2006 notandum,
863 1947 985 1993 ‘nrnem'
1003 1946 1051 1993 ltoe
1062 1945 1129 2006 loco,
1144 1945 1182 1993 uti
1194 1949 1223 1993 et

128 2017 192 2064 rimn
210 2018 328 2080 gerlandi
344 2019 369 2066 in
388 2019 481 2068 itinere
500 2021 657 2082 provinciam
695 2020 849 2084 ‘cyathum'
871 2027 968 2070 certem
990 2034 1047 2069 erre
1066 2033 1222 2082 menenrnm,

129 2091 293 2154 deposcentis
304 2094 421 2155 birtoriu,
436 2094 505 2157 quod
519 2109 582 2144 onne
600 2109 657 2143 ree·
695 2107 745 2159 qne
760 2097 785 2144 iu
805 2095 942 2145 metiendis
959 2094 1061 2159 liquidis
1072 2095 1220 2144 utebantur.

129 2167 213 2217 uendo
236 2168 318 2217 indier
346 2168 534 2218 mblernretnr.
582 2171 656 2221 Hune
696 2172 804 2220 Terreni.
836 2172 934 2235 Liquidi
952 2170 1024 2232 4444]
1042 2170 1161 2235 Liquorir
1179 2170 1221 2219 rel

129 2242 340 2291 consuetudinem
352 2243 394 2292 bic
406 2245 511 2306 rerpicit
522 2245 656 2308 Horatius,
691 2261 765 2310 equ-n
779 2261 850 2297 4444.

129 2322 158 2363 41
169 2329 235 2365 nunu
253 2317 344 2379 eliquit
362 2325 478 2380 perteret
494 2322 605 2370 omnium
617 2322 656 2370 di·
723 2327 755 2371 46
774 2323 809 2370 Eo
818 2323 863 2386 stt,
881 2323 987 2383 Plenior,
1002 2322 1057 2385 dm]
1073 2322 1113 2370 Ex
1129 2334 1161 2370 eo
1179 2320 1220 2385 fir,

129 2402 253 2448 mensum,
265 2391 343 2439 nihilo
361 2393 417 2454 plne
434 2396 655 2457 ecceptrtrneseli·
692 2405 721 2446 nt
732 2399 753 2445 ui
764 2412 828 2458 quoe
840 2398 942 2446 uberior
953 2413 1028 2460 equae
1047 2397 1132 2460 copie,
1142 2411 1220 2461 quum

128 2464 193 2527 quie.
211 2464 320 2516 Terreni.
355 2468 490 2517 1144444144
498 2471 580 2531 poelt]
596 2472 656 2516 Seu·
692 2483 739 2529 per
749 2471 794 2527 rit,
804 2468 927 2527 delectet,
944 2469 1086 2517 etidcirco
1101 2473 1220 2522 444Ιί444

128 2542 210 2591 culum
232 2543 265 2591 ed
282 2558 374 2607 punem
393 2544 534 2604 gerendum
551 2544 614 2590 retit
630 2543 656 2589 in
692 2539 797 2588 flumine
814 2538 913 2598 bibere,
923 2554 999 2603 quem
1010 2554 1043 2587 ex
1054 2540 1137 2601 sonte,
1148 2543 1221 2592 Aou-

127 2620 348 2670 ntodtrmfectrrru.
375 2616 657 2681 Vertolet‘eirrtrrJInter
692 2614 1220 2678 444444144444444444444444144

128 2695 262 2743 4444114144
272 2707 368 2741 terroe.
694 2689 817 2753 ebreptoe
837 2688 946 2738 auferet.
964 2689 1085 2750 allegoria
1101 2695 1151 2743 ert,
1173 2704 1220 2752 per

159 2772 192 2816 49
213 2768 255 2816 Vel
266 2769 314 2826 dic,
325 2767 382 2829 quid
393 2764 494 2828 reseret]
512 2765 658 2828 Responde,
692 2779 768 2830 quem
778 2763 916 2826 riguifioet,
926 2779 996 2827 repe
1006 2764 1118 2820 evenire,
1128 2771 1167 2826 nt,
1175 2767 1219 2829 qni

127 2855 243 2902 444444,
256 2842 316 2904 quid
329 2840 446 2903 proficiet
457 2841 549 2888 homini
567 2841 656 2902 petroio
692 2841 861 2891 mediocribur
888 2839 1057 2890 facultatibus
1080 2854 1132 2888 non
1157 2854 1219 2891 con·

129 2917 265 2966 contentu?
296 2917 367 2964 14144
387 2920 480 2964 444444
495 2915 572 2980 finer]
595 2916 655 2979 Epi·
692 2917 905 2980 tentiemplinrer
921 2916 1079 2978 deriderunt,
1097 2916 1122 2965 iu
1139 2916 1220 2966 mexi-

128 2994 183 3044 curi
195 2993 292 3043 dictum
305 2993 386 3042 refert
394 2994 494 3043 Seneca
507 2994 588 3055 Epist.
598 3005 654 3044 xvi.
691 3005 746 3041 4444
756 2992 916 3040 eelemitetee
927 2991 1051 3053 incident,
1070 2999 1115 3041 441
1128 2992 1217 3042 interi·

126 3071 170 3119 ⁴Si
183 3070 215 3118 ed
227 3078 344 3119 ueterem
362 3070 442 3129 riter,
455 3083 591 3134 numquam
603 3071 654 3120 erin
690 3073 744 3115 tum
755 3066 803 3115 ribi
818 3073 862 3114 eut
875 3073 973 3128 perlem
986 3071 1127 3114 ereermnt.
1144 3066 1216 3117 lant·

127 3159 240 3208 peuper3
256 3147 278 3195 ri
299 3145 332 3193 ed
352 3145 495 3208 opiniones,
517 3158 654 3208 numquurn
691 3141 738 3190 444.
771 3139 866 3202 Eofit]
884 3139 923 3187 Ex
935 3138 1016 3186 colit.

126 3221 178 3270 erin
198 3219 287 3270 diret!
305 3220 412 3269 Torreat.
454 3218 526 3281 [Vtri.
542 3223 582 3271 14.
597 3221 654 3283 ‹prid
722 3222 754 3267 47
770 3218 844 3280 Cupie
853 3214 932 3278 jttrto]
948 3216 991 3264 Sic
1003 3214 1061 3265 libri
1072 3215 1154 3264 nottri
1164 3231 1217 3266 om.

126 3294 327 3357 commetietur]
691 3308 745 3342 444.
777 3291 1001 3342 Vid‘l'urnebrr.
1015 3294 1055 3340 2³.
1070 3290 1219 3353 oopieooree

158 3375 189 3420 5⁰
205 3371 311 3433 degero]
324 3369 389 3434 Agri
400 3371 503 3433 jugere.
529 3370 652 3434 [Cuuiug.
690 3382 718 3417 re
736 3369 761 3416 iu
779 3367 889 3430 antiquie
904 3365 1057 3414 membreuir
1070 3367 1217 3428 repperitoe

129 3444 335 3508 coniuratio]
692 3450 810 3493 14414144.
829 3443 936 3491 Torreat.
967 3440 1051 3504 derio]
1068 3441 1152 3491 Quem
1170 3456 1217 3504 per

128 3560 132 3567 .
159 3524 189 3569 41
203 3519 332 3581 Almone]
343 3519 424 3568 Avari
434 3520 575 3581 rerpomio.
600 3519 654 3567 Tol·
692 3521 736 3569 414.

127 3594 185 3657 lere]
201 3594 316 3643 Sumere.
723 3595 834 3643 blictiri
849 3592 915 3656 ripn]
940 3591 1064 3654 Optimue
1086 3590 1144 3640 cod.
1165 3605 1217 3641 nou

158 3674 191 3718 ⁵2
207 3671 272 3719 Dour
293 3684 324 3718 eor
342 3669 426 3733 pereo]
454 3671 538 3720 Polite
558 3671 654 3722 iterum
691 3668 1217 3732 144444444444444441444414414,οη

127 3745 394 3806 interrogetererum.
429 3746 655 3809 ErtqneeiDiulo·
691 3745 761 3794 rimel
780 3744 866 3793 anubis
884 3744 947 3805 ripe,
963 3745 1004 3805 tro.
1038 3744 1140 3792 Amiror
1148 3743 1218 3803 seret

127 3834 175 3882 gne
196 3820 264 3868 inter
287 3819 359 3868 (1444.
393 3819 502 3868 Homine
523 3821 655 3884 relinquor]
691 3820 803 3885 Aufidio]
824 3818 953 3881 Abreptor
976 3816 1076 3867 unieret
1099 3816 1218 3879 Aufidus,

127 3895 234 3944 Sumere
256 3893 393 3943 concedet.
435 3894 508 3957 [Creu
528 3910 560 3943 44
582 3911 654 3958 prmo
691 3892 904 3960 Apulloetlrrvinr.

127 3972 190 4020 Vnt.
202 3970 287 4019 Pelet.
299 3974 324 4018 4.
343 3968 490 4018 0141414441.
511 3977 538 4019 41
558 3971 654 4019 Borbe·
723 3975 756 4019 49
772 3971 822 4025 Qut
835 3968 922 4018 4441444
937 3969 1002 4031 eget]
1020 3967 1128 4031 Legitur
1138 3969 1217 4018 etiem

126 4047 212 4095 rin.l.
246 4046 420 4095 Drmtume
435 4044 654 4106 pnrtonobirVet.
691 4045 791 4094 4444414.
822 4044 916 4092 Sonent
933 4051 988 4091 err:
1007 4042 1058 4093 Qui
1076 4057 1107 4092 eo
1124 4057 1215 4092 reuon

128 4121 204 4171 Rom.
217 4121 255 4182 9.]
691 4133 769 4184 egere
788 4118 928 4175 4414414444,
946 4130 998 4180 quo
1015 4131 1105 4166 cerere
1124 4119 1217 4181 poerit.

159 4200 190 4244 44
204 4195 323 4258 cenario]
337 4193 467 4253 64444444,
478 4193 585 4244 divitum
597 4196 654 4245 bor·
692 4195 750 4246 Qun
760 4193 793 4243 de
805 4206 831 4242 re
844 4193 968 4255 preclare
980 4193 1121 4256 Epicurus:
1138 4195 1218 4244 voluit

128 4273 336 4331 rer,tenoiorum
347 4284 452 4319 mererer
461 4272 580 4333 opponit.
602 4273 652 4322 Sed
692 4269 759 4319 ettim
771 4267 803 4317 ed
819 4268 894 4319 beate
911 4266 1047 4317 vivendum
1066 4284 1111 4320 nor
1130 4279 1217 4321 444144
